3976 6342
571 465 620 526 DE
640 464 747 527 Locis
767 461 935 528 mohalla
955 457 1195 531 rhenmate.
1624 464 1681 528 lot

106 626 209 688 rietatis
224 628 459 700 calamitatibus,
476 631 509 692 in
522 635 606 693 tanta
614 629 861 714 aduersariorum
912 633 944 694 iu
981 637 1171 698 contrarium
1206 635 1388 698 facientibus
1421 633 1680 714 quibuscumque,

106 727 201 782 ⁰⁰¹¹iffl
217 739 283 782 fem
302 723 499 799 fflihOlissflms
515 731 546 785 θῒ
558 725 640 786 11⁸1]ss
656 726 861 805 ripffliolifflm
913 734 1006 796 etiam
1022 733 1146 813 speciali
1160 738 1192 794 et
1201 730 1364 793 individua
1372 729 1542 796 mentione,
1554 745 1590 788 ac
1596 727 1684 788 dero

105 814 206 876 Sedena
222 815 449 895 conspiratione
464 821 613 898 uncaque
631 837 773 880 errorum
792 837 863 879 con·
913 828 1037 905 gerione
1050 827 1164 906 dignis.
1182 827 1223 888 Ut
1243 829 1348 886 autam
1371 822 1473 884 omnis
1486 821 1637 882 dubitatio
1652 825 1684 882 et

101 910 191 986 gerit,
208 927 329 970 ssew-‘²⁵0
352 909 482 970 Omnilffl
503 916 559 984 tsi,
581 916 617 972 Vi
630 912 779 972 adeamus
791 929 862 972 ⁰111ss
913 919 1076 981 difficultas
1089 925 1279 986 amoveatur,
1297 915 1479 978 earumdem
1498 914 1683 975 Litterarum

101 1000 206 1063 fidncia
217 1003 255 1061 ad
266 1003 416 1063 thronum
434 1004 553 1078 gratim,
569 1009 605 1064 ut
618 1005 863 1066 misericordiam
914 1014 1072 1094 exemplar
1086 1013 1123 1074 ud
1136 1014 1198 1074 Vos
1212 1011 1340 1092 perferri
1351 1009 1511 1088 jussimus.

100 1112 327 1175 consequamur,
340 1097 512 1174 fitistiim
526 1096 720 1160 inveniamus
731 1098 765 1158 in
779 1098 864 1159 auxi·
959 1129 971 1163 r
988 1107 1154 1186 Rogemus,
1166 1103 1364 1167 Venerabiles
1380 1104 1510 1174 Fratres,
1520 1099 1558 1160 de
1572 1098 1684 1158 intimo

99 1187 141 1248 lio
168 1195 350 1268 opportuno,
382 1189 529 1263 Quocirca
556 1193 698 1253 omnium
724 1190 864 1252 fidelium
914 1219 929 1258 o
955 1201 1046 1261 corde
1060 1206 1091 1260 et
1105 1200 1142 1260 de
1156 1205 1221 1260 tota
1234 1203 1338 1258 mente
1360 1191 1604 1256 misericordiam
1618 1191 1682 1269 Dei,

99 1283 238 1361 pietatem
273 1283 406 1342 excitare
441 1283 698 1357 existimavimus,
735 1289 770 1344 nt
801 1303 864 1345 una
915 1313 930 1350 o
955 1293 1027 1372 qula
1041 1294 1148 1374 etipse
1161 1291 1277 1352 addidit
1291 1289 1417 1350 dicens:
1442 1284 1683 1346 misericordiam

100 1373 862 1454 NobiscumVobisqueclementissimumluminum
916 1407 930 1444 u
956 1392 1061 1446 autem
1080 1403 1184 1447 meum
1203 1403 1267 1444 non
1282 1383 1456 1461 dispergam
1472 1379 1510 1439 ab
1525 1377 1579 1438 eis.
1598 1377 1684 1436 Peta-

101 1473 130 1528 ct
161 1467 439 1528 misericordiarum
473 1469 596 1530 Patrem
630 1469 863 1531 ferventissimis
915 1501 930 1536 o
954 1479 1276 1559 musetaccipiemus,
1291 1477 1358 1538 etsi
1375 1471 1543 1554 accipiendi
1556 1474 1686 1532 morast

101 1561 336 1638 humillimisquc
364 1561 507 1640 precihus
541 1562 607 1622 sine
633 1561 863 1624 intermissione
915 1593 930 1630 u
954 1573 1083 1633 tarditas
1110 1572 1203 1632 fuerit
1226 1570 1374 1650 quoniam
1399 1566 1533 1646 graviter
1553 1562 1684 1623 offendi-

103 1656 245 1726 ⁰f011i2⁰l
267 1651 440 1728 Obsessrfflis
465 1657 496 1712 θῐ
522 1651 555 1712 in
581 1652 773 1731 plenitudine
793 1651 862 1712 fidei
915 1685 931 1723 o
956 1683 1036 1738 mus,
1054 1666 1223 1744 pulsemus,
1238 1665 1311 1743 qnia
1327 1666 1358 1722 et
1371 1658 1505 1740 pulsanti
1517 1657 1683 1736 aperietur,

106 1763 215 1825 semper
240 1744 420 1822 confugiant
450 1743 490 1804 ad
522 1745 691 1804 Dominum
718 1745 864 1806 NOSirllm
916 1777 930 1816 o
955 1757 978 1818 si
995 1759 1089 1818 modo
1104 1759 1227 1837 pulsent
1240 1757 1352 1817 ostium
1368 1769 1482 1833 preces,
1494 1749 1639 1829 gemitus,
1656 1753 1686 1810 et

109 1843 202 1902 lesum
215 1839 380 1910 Christum,
398 1837 451 1917 qni
464 1837 597 1898 redemit
606 1855 662 1898 nos
672 1839 735 1899 Deo
749 1839 783 1898 in
798 1857 865 1898 san—
915 1871 931 1907 ‚³
955 1850 1091 1911 laurimae
1103 1857 1226 1918 mstrffi,
1243 1851 1356 1929 quibus
1370 1847 1508 1907 insistere
1522 1847 1553 1903 et
1569 1841 1685 1902 immo.

112 1935 192 2015 guine
204 1951 269 2009 ³110,
286 1931 420 2010 Eiusque
434 1929 647 1990 dulcissimum
657 1931 716 1991 001'
730 1930 863 2010 flagrttss·
915 1963 930 2000 o
955 1945 1017 2004 rari
1041 1949 1173 2024 oportet,
1203 1949 1233 2004 et
1258 1944 1282 2003 si
1309 1943 1347 2002 sit
1365 1938 1522 2000 unanimis
1535 1936 1684 1996 oratio...

114 2027 221 2090 tissime
241 2045 314 2105 erga
341 2043 399 2085 nos
425 2023 559 2084 caritatis
586 2023 742 2083 victimam
775 2024 865 2085 enixe
915 2057 931 2093 o
956 2037 1351 2116 unusquisqueoretpeum
1365 2049 1496 2111 nonpro
1509 2034 1684 2104 serentum,

113 2123 267 2202 jugiterque
290 2121 434 2190 exorent,
462 2122 498 2176 ui
525 2115 639 2177 ³³1⁰?ss
665 2117 713 2176 ⁵1¹1
735 2117 865 2180 vinculis
915 2149 931 2186 a
955 2129 1006 2190 sed
1022 2146 1078 2208 pro
1093 2130 1238 2190 omnihus
1257 2128 1414 2199 fratribus,
1437 2125 1517 2186 aierit
1536 2121 1687 2182 Dominus

117 2213 249 2276 omniflfld
260 2214 396 2292 seipsum
411 2209 523 2283 trahat,
536 2215 631 2288 thue
645 2227 754 2270 Omnes
766 2210 866 2270 homi·
916 2241 931 2278 o
956 2239 1044 2282 orare
1056 2240 1113 2282 nos
1128 2222 1233 2284 docuit
1244 2220 1266 2283 ¹.
1278 2243 1293 2279 o
1313 2223 1379 2296 Quo
1392 2235 1467 2279 vero
1478 2215 1597 2276 facilius
1606 2216 1688 2274 Deus

117 2327 161 2370 nes
170 2307 353 2370 sanctissimo
366 2323 423 2366 suo
436 2320 542 2365 amore
555 2302 740 2364 inflammati
753 2322 863 2364 secun·
916 2313 1043 2390 Nostris,
1059 2315 1245 2394 vestrisque,
1267 2319 1298 2376 et
1311 2313 1454 2374 omnium
1467 2309 1605 2370 fidelium
1618 2325 1689 2386 pre·

117 2409 179 2470 dnm
190 2409 244 2469 Cor
256 2405 329 2484 Ejus
342 2401 504 2463 ambulent
515 2400 609 2477 digne
623 2399 686 2458 Deo
696 2415 752 2476 per
761 2397 866 2458 omnia
917 2407 1012 2480 cibus,
1042 2408 1183 2487 votisque
1208 2411 1337 2480 annuat,
1364 2423 1435 2468 cum
1463 2404 1550 2464 omni
1576 2403 1689 2465 fidrieia

117 2501 261 2583 placantes.
274 2499 309 2560 in
323 2497 411 2560 omni
430 2497 513 2558 bono
528 2513 620 2575 opere
633 2491 862 2554 &notificantes
917 2500 1137 2578 deprecaticem
1152 2502 1232 2580 apud
1249 2501 1328 2561 Eum
1352 2489 1554 2560 adhibeamus
1575 2499 1688 2557 imma-

118 2601 181 2661 Cum
204 2603 306 2659 alitem
332 2595 399 2654 sine
426 2591 521 2653 dubio
544 2589 694 2668 gratiores
718 2589 779 2649 sint
802 2591 865 2650 ileo
917 2593 1050 2654 culatam
1060 2594 1341 2674 sanctissimamque
1351 2593 1515 2672 Deiparam
1529 2591 1688 2668 Virginem

116 2692 385 2770 bominumpreres,
400 2681 867 2762 sianimisabomnilahepmis
916 2685 1056 2761 Mariam,
1079 2704 1148 2764 quaa
1172 2691 1295 2746 cunctas
1322 2688 1453 2747 haereses
1476 2685 1634 2745 interemit
1653 2687 1688 2746 in

118 2787 254 2866 adipsum
270 2779 415 2844 accedant
429 2777 557 2853 ,iccirco
575 2774 711 2835 coelestes
724 2775 865 2836 Ecclesiae
917 2779 1062 2838 universo
1085 2781 1214 2854 mundo,
1244 2798 1377 2860 quaeque
1389 2779 1531 2839 omnium
1546 2783 1687 2841 nostrum

119 2877 259 2940 thesauros
285 2871 506 2953 dispensationi
538 2869 656 2930 Nostrae
688 2869 866 2930 commissos
917 2871 1128 2932 amantissima
1147 2873 1244 2933 Mater
1275 2878 1375 2933 «tota
1403 2871 1505 2931 suavis
1526 2875 1622 2932 est...
1652 2891 1687 2934 ac

119 2961 716 3045 Christiddelibusllpostolicaliberalitate
730 2979 866 3023 reserare
917 2986 933 3023 s
957 2963 1277 3043 plenamiseiioordice
1282 3011 1343 3040 .....
1353 2965 1497 3026 omnibns
1508 2982 1573 3024 sese
1583 2983 1690 3026 exora-

118 3063 284 3132 censidmus,
293 3059 430 3122 utiidem
438 3054 544 3117 fideles
555 3055 594 3115 ad
605 3073 711 3116 veram
722 3055 867 3135 pietatem
918 3081 934 3120 s
957 3061 1063 3130 bilem,
1092 3058 1237 3119 omnihus
1265 3059 1535 3120 clementissimam
1558 3057 1686 3137 prasius,

117 3157 310 3220 vehementius
327 3149 457 3222 incensi,
479 3167 515 3209 aa
535 3167 590 3228 per
610 3149 801 3208 Poenitentiaa
816 3149 868 3209 Sa·
919 3175 934 3213 o
958 3154 1100 3214 omnium
1127 3152 1321 3212 necessitates
1345 3150 1534 3230 amplissimo
1554 3151 1690 3230 quodam

117 3253 292 3312 armentum
317 3265 336 3306 a
364 3247 557 3325 peceatorum
592 3241 720 3302 mactilla
754 3243 868 3322 expiati
919 3247 1123 3307 »miseratur
1137 3243 1277 3320 affectu¹,
1296 3266 1312 3302 o
1328 3247 1421 3322 atque
1444 3248 1551 3322 utpote
1575 3243 1691 3321 Regina

117 3343 247 3404 fidentius
272 3357 341 3402 suas
366 3353 472 3418 preses
499 3333 539 3394 ad
568 3333 666 3394 Deum
694 3334 866 3414 effundant,
919 3340 1075 3400 adstansa
1092 3337 1206 3398 deruis
1231 3335 1389 3416 Unigeniii
1410 3335 1478 3396 Filii
1499 3334 1551 3396 Sui
1568 3337 1691 3396 Domini

117 3437 229 3516 ejusque
254 3429 496 3496 misericordiam
528 3432 559 3488 et
591 3428 723 3507 gratiam
757 3447 867 3490 conse-
919 3433 1102 3493 Nostriiesu
1118 3431 1228 3490 Christi
1240 3432 1272 3490 in
1282 3429 1547 3492 vestitudeaurato
1559 3427 1690 3489 eircum-

117 3535 250 3612 qnantar.
536 3537 539 3548 '
920 3525 1031 3586 amicta
1044 3523 1191 3584 varietate
1211 3521 1292 3582 nihil
1314 3527 1369 3595 est,
1389 3521 1472 3600 qnod
1487 3521 1527 3581 ab
1554 3521 1617 3582 Deo
1632 3521 1691 3582 im-

149 3623 233 3684 Hisce
264 3619 359 3700 igitur
393 3613 514 3677 Litteris
546 3612 726 3672 arictoritate
760 3614 869 3676 Nostra
919 3621 1042 3698 patrare
1068 3635 1132 3676 non
1157 3614 1267 3675 valeat.
1294 3613 1448 3691 Suffragia
1470 3627 1594 3694 qiioque
1608 3620 1691 3693 peta-

114 3704 766 3798 dpostolicaomnibnsetsingtilisutriusque
781 3723 871 3768 sexus
921 3727 992 3770 mus
1005 3709 1176 3770 Beatissimi
1192 3707 1273 3768 Petri
1294 3706 1514 3787 Apostolorum
1529 3705 1689 3787 Principis,

46 3810 52 3873 i
113 3809 245 3872 catholici
258 3805 341 3868 orbis
361 3800 505 3863 fidelibus
520 3797 694 3858 Plenariam
708 3797 872 3878 lodiilgen-
923 3807 953 3863 et
967 3801 1139 3882 Conpostoli
1163 3799 1228 3879 rjus
1244 3800 1339 3868 Pauli,
1356 3801 1559 3880 omniumque
1570 3801 1694 3861 Sancto·

111 3903 179 3964 tiam
193 3903 232 3964 ad
245 3893 472 3961 instardubiloei
479 3889 678 3952 concedimus
687 3890 769 3950 inira
779 3891 873 3954 tinius
922 3913 994 3956 raim
1005 3894 1155 3960 Caelitum,
1173 3893 1227 3972 qui
1244 3891 1315 3953 faeti
1325 3893 1391 3971 jam
1405 3893 1497 3953 amici
1516 3890 1570 3953 Ilei
1585 3909 1694 3972 perve-

109 4001 225 4057 tantum
239 3992 352 4056 mensis
365 3987 499 4068 spatium
510 4001 609 4063 usquc
623 3983 661 4043 ad
673 3987 774 4043 totum
788 3984 872 4046 futu·
919 3993 1039 4049 nerunt
1052 3987 1091 4048 ad
1112 3986 1244 4046 oaelestia
1270 4004 1376 4065 regna,
1392 3991 1423 4046 et
1442 3985 1580 4046 coronati
1593 3985 1693 4066 possi-

109 4107 172 4150 rum
183 4083 389 4149 annumisca
404 4085 507 4141 elnon
519 4077 611 4146 ulna,
626 4094 645 4135 a
658 4075 763 4150 Vobis,
776 4069 874 4140 Veness
923 4081 998 4142 dent
1010 4078 1156 4159 palmam,
1172 4097 1208 4138 ac
1223 4077 1260 4138 de
1269 4095 1325 4139 sua
1337 4077 1568 4138 immortalitate
1582 4078 1692 4156 seciiri,

25 4236 26 4241 ,
108 4181 215 4242 rabiles
243 4180 380 4246 Fratres,
410 4171 538 4248 aliisque
564 4167 709 4247 legitimis
733 4168 874 4232 locorum
924 4175 1077 4234 danastro
1092 4178 1164 4232 sunt
1177 4171 1274 4231 salute
1287 4170 1419 4231 sollis-iti.

108 4273 273 4336 Ordinariis
287 4264 499 4335 statuendum,
516 4260 625 4322 eodem
642 4277 768 4340 prorsus
782 4263 875 4324 modo
965 4265 1102 4344 lienique
1143 4262 1312 4324 coelestium
1354 4263 1495 4324 omnium
1540 4263 1696 4325 donorum

24 4404 83 4456 .
106 4365 254 4442 efforma,
267 4381 330 4444 qua
349 4357 488 4420 abinitio
506 4353 643 4433 supremi
656 4353 758 4413 Nostri
774 4356 876 4416 Ponti·
925 4360 1044 4439 copiam
1072 4358 1168 4419 Nobis
1192 4377 1210 4417 a
1234 4361 1296 4418 Deo
1321 4375 1359 4417 ex
1376 4356 1697 4436 animoiadpreoantes

105 4459 212 4522 ficatns
239 4453 447 4519 concessimus
471 4463 526 4527 per
548 4446 736 4526 Apostoliens
751 4447 876 4508 Nostras
927 4450 1091 4532 singularis
1120 4451 1237 4510 Nostrae
1265 4451 1297 4509 in
1325 4450 1387 4509 Vos
1420 4448 1554 4510 caritatis
1583 4449 1697 4530 pignus

105 4552 235 4613 Litteras
243 4551 276 4610 in
284 4541 496 4608 formaBrevis
503 4539 552 4600 die
561 4540 602 4599 20
615 4539 732 4599 mensis
748 4539 878 4602 Novem·
927 4543 1132 4624 Apostolicam
1156 4542 1404 4604 Benedictioncm
1420 4560 1459 4602 ex
1481 4541 1591 4602 intimo
1606 4541 1697 4602 corde

106 4644 265 4706 brisanno
279 4637 463 4710 semustas,
480 4632 556 4693 etad
570 4631 751 4691 universum
765 4633 878 4711 episco-
927 4637 1094 4718 profectam
1127 4635 1220 4695 Vobis
1246 4634 1319 4715 ipsis
1352 4633 1552 4695 Venerabiles
1579 4633 1694 4709 libatas,

106 4735 208 4814 palem
239 4737 375 4795 vestrum
402 4727 549 4789 Ordinem
582 4723 701 4798 missas,
744 4741 877 4802 quariim
928 4730 1107 4808 crinctisqne
1126 4726 1256 4801 Glariois,
1282 4727 1438 4806 Laicisque
1456 4725 1601 4787 fidelibus
1615 4743 1697 4786 curre

107 4827 233 4889 initium
260 4849 274 4884 a
296 4825 416 4885 Arcano
435 4818 552 4881 Divinae
578 4815 780 4876 Providentiae
804 4837 878 4878 con·
927 4829 1036 4884 vestrae
1051 4819 1221 4882 commissis
1230 4825 1428 4899 peramanter
1440 4817 1647 4898 impertimus.

111 4917 190 4995 silio,
206 4941 222 4977 o
240 4923 271 4980 et
288 4931 360 4978 eum
374 4912 519 4975 omnibus
533 4911 648 4972 eisdem
668 4907 875 4981 facultatibus,
969 4916 1080 4975 Datum
1107 4913 1213 4973 Rornae
1240 4913 1323 4990 apud
1352 4913 1384 4972 S.
1410 4913 1535 4971 Petrum
1559 4911 1609 4971 die
1629 4911 1698 4970 Vlll

116 5027 185 5088 qum
197 5029 254 5090 per
266 5012 344 5090 ipsas
360 5008 487 5069 Litteras
501 5023 520 5066 a
533 5003 626 5064 Nobis
640 5001 719 5062 datie
739 5001 876 5066 fuerant.
928 5005 1104 5070 Decembris
1129 5023 1211 5064 anno
1232 5003 1321 5078 isos,
1351 5001 1470 5064 decimo
1490 5004 1698 5082 aDogmatica

120 5101 267 5162 Volumus
279 5109 390 5174 minen,
400 5105 435 5160 ut
446 5117 492 5172 ea,
509 5096 615 5156 omnia
624 5100 795 5170 serventur,
808 5113 879 5175 qum
929 5099 1113 5162 Definitionc
1122 5096 1328 5157 immaculatae
1335 5094 1552 5175 Conoeptionls
1562 5095 1699 5175 Deiparoe

127 5195 161 5250 in
173 5195 408 5255 commemomtis
420 5190 541 5253 Litteris
558 5188 737 5270 prescripta
751 5193 833 5264 scint,
850 5197 880 5251 et
928 5191 1065 5271 Virginis
1079 5189 1193 5250 Maria.

135 5285 353 5364 mexdpisntm
390 5303 459 5365 quae
481 5289 607 5362 excepta
634 5297 700 5342 csse
717 5281 881 5342 dcoloravi-
970 5283 1167 5345 Pontificatus
1176 5279 1279 5342 Nostri
1292 5281 1384 5342 Anno
1396 5279 1616 5341 Decimonono.

141 5389 216 5435 mus.
231 5375 317 5456 htque
336 5379 364 5439 id
383 5376 588 5452 concedimus,
605 5392 670 5434 non
689 5374 881 5436 obstantibus
1388 5373 1474 5434 PIUS
1486 5373 1543 5434 PP.
1568 5373 1618 5434 ix.

186 5569 197 5618 l
212 5571 238 5624 b.
250 5571 339 5639 ipim.
351 5575 418 5644 ltplst.
433 5577 473 5634 ll.
965 5579 981 5629 2
999 5578 1025 5630 S.
1042 5575 1150 5628 Bcrnard.
1166 5574 1241 5627 Sarni.
1257 5575 1284 5626 dc
1298 5562 1621 5639 dumeotm'praroraticiss.
1631 5575 1700 5631 lli.

97 5672 98 5675 ¹
932 5668 958 5704 cx
973 5652 1047 5704 verbis
1062 5650 1187 5716 apocalyp.
