4200 6348
430 375 469 434 *Μ
1029 376 1140 440 LlltEll
1167 371 1411 434 PllOllROlllUS.

431 545 549 603 constat
581 544 738 606 haereseon
773 545 939 608 acerrimos
972 549 1200 626 oppugnatores
1290 539 1355 601 Vll.
1378 543 1578 607 Verissimum
1597 549 1643 606 est
1662 543 1874 624 proverbium,
1895 549 1924 604 et
1941 563 1984 604 aar

430 652 552 715 semper
565 637 657 700 fuisse
671 660 678 699 :
692 640 834 718 eujusrei
844 644 936 700 testes
950 644 1022 700 suut
1031 636 1200 700 laudabiles
1250 633 1339 694 nium
1362 635 1501 698 doctriua
1519 638 1557 698 de
1580 637 1814 700 contritionibus
1836 637 1898 698 hnc
1918 655 2000 716 usqae

431 725 492 788 illac
501 730 732 792 constitutiones
742 733 966 794 Germanorum
976 733 1200 811 imperatorum
1250 726 1321 786 data
1347 731 1540 808 prestantius
1567 751 1575 791 ι
1605 729 1643 791 de
1672 736 1782 791 oaetero
1811 747 1877 790 non
1906 729 2000 800 lacere,

430 837 487 899 pro
510 821 649 884 libertate
672 824 824 901 Ecclesia,
853 843 971 904 proque
998 822 1198 903 expellendis,
1249 837 1371 881 summa
1385 823 1582 901 prenitentia3
1599 823 1714 904 optima
1730 822 1923 902 poenitentia,
1936 841 2004 884 nora

430 914 732 996 exterminandisque
744 935 782 978 ex
794 917 879 978 omni
894 917 1059 978 Germania
1072 914 1199 976 haereti-
1249 911 1323 973 vita.

430 1005 484 1082 cis,
504 1007 562 1067 suh
586 1010 774 1086 gravissimis
797 1010 896 1090 prauis
917 1011 1011 1070 etiam
1025 1007 1201 1070 amissionis
1291 1006 1371 1066 Vlll.
1394 1007 1486 1068 Nullo
1502 1009 1594 1069 modo
1606 1025 1776 1088 praesumas
1797 1007 1937 1068 confiteri
1949 1026 2006 1088 pec·

430 1103 584 1161 terrarum
598 1102 856 1178 etdominiorum,
869 1109 976 1164 contra
984 1107 1199 1181 receptatores,
1250 1102 1318 1158 cata
1337 1099 1479 1172 venialia,
1496 1101 1549 1161 sed
1570 1119 1627 1162 nec
1648 1102 1752 1162 omnia
1775 1101 2005 1180 mortaliaque

430 1191 479 1252 vel
493 1212 557 1253 non
582 1195 768 1275 expellentes
789 1196 865 1257 alim
879 1196 980 1272 editae,
996 1200 1027 1256 et
1047 1213 1066 1254 a
1088 1194 1201 1255 uostris
1250 1190 1438 1269 impossihile
1451 1197 1506 1268 est,
1523 1194 1672 1254 utomnia
1685 1193 1829 1254 mortalia
1843 1211 2005 1272 cognosces.

431 1286 704 1366 praedecessoribus
727 1289 927 1360 confirmatae,
956 1307 1025 1367 quaa
1051 1288 1076 1347 si
1109 1287 1201 1348 hodie
1251 1283 1339 1344 Unde
1353 1284 1385 1343 in
1409 1285 1565 1364 primitiva
1582 1286 1715 1348 Ecclesia
1735 1287 1836 1348 solum
1861 1285 2007 1347 manifesta

431 1385 638 1457 servarentur,
649 1386 680 1441 et
689 1399 746 1440 nos
757 1390 788 1441 et
799 1381 857 1460 ipsi
871 1380 978 1459 utique
990 1380 1048 1441 hae
1063 1381 1201 1442 molestia
1250 1375 1393 1436 mortalia
1402 1377 1639 1440 confitebantur.

431 1488 616 1532 careremus.
628 1473 724 1532 Testis
738 1473 825 1533 estin
840 1471 1201 1533 coneilioGonstantieusi
1292 1468 1343 1530 lX.
1366 1469 1446 1530 Dum
1464 1471 1609 1532 uolumus
1633 1473 1740 1532 omnia
1765 1489 1844 1552 pure
1869 1471 2006 1544 confiteri

432 1562 637 1641 Hussitarum,
649 1574 680 1625 et
697 1565 960 1642 Wiolcffistarum,
976 1584 1033 1626 nec
1047 1585 1111 1626 nou
1127 1565 1200 1626 Hie·
1251 1559 1329 1620 nihil
1342 1561 1425 1622 aliud
1437 1563 1575 1630 lecimus,
1595 1583 1688 1634 oriam
1709 1564 2008 1644 quodmisericordia

430 1656 555 1734 ranymi
571 1658 730 1736 Pragensis
740 1659 1049 1738 damnataecpunita
1059 1659 1198 1738 perfidia.
1252 1653 1306 1712 Dei
1321 1653 1399 1714 nihil
1410 1654 1555 1716 volumus
1568 1656 1743 1736 relinquere
1753 1658 1982 1736 ignoscendum.

430 1748 527 1807 Testis
541 1754 586 1808 est
599 1750 687 1810 toties
696 1756 803 1810 contra
815 1751 966 1811 Bahemos
976 1752 1200 1812 Germanorum
1292 1745 1330 1804 X·
1353 1746 1478 1808 Peccata
1491 1767 1555 1808 non
1571 1755 1644 1808 sunt
1666 1749 1721 1809 ulli
1735 1750 1877 1826 remissa,
1894 1750 1951 1810 nisi
1971 1767 2010 1810 re

430 1841 556 1918 sanguis
571 1841 698 1902 effusus.
713 1843 811 1902 Testis
832 1843 964 1922 denique
979 1849 1025 1904 est
1038 1845 1200 1923 praedicto·
1252 1837 1394 1899 mittente
1422 1840 1585 1901 Sacerdote
1606 1842 1710 1902 credet
1733 1843 1791 1902 sihi
1811 1843 1940 1916 remitti,
1959 1843 2010 1902 imo

430 1952 502 1994 rum
528 1952 671 1994 errorum
706 1954 760 1995 sau
794 1935 966 1996 multorum
1001 1953 1039 1996 ox
1073 1938 1116 1998 eis
1147 1957 1203 2017 per
1252 1937 1411 2009 peecatum
1428 1939 1579 2008 maneret,
1599 1935 1658 1994 nisi
1673 1935 1837 1996 remissum
1863 1937 2010 1997 erederet:

431 2026 656 2100 delaniensem,
680 2032 711 2086 et
726 2028 949 2088 Lovaniensem
971 2029 1199 2105 Universitates,
1252 2024 1415 2084 nonenim
1434 2025 1544 2086 sufficit
1565 2027 1702 2086 remissio
1718 2029 1847 2107 peccati,
1875 2034 1906 2089 et
1919 2028 2011 2107 gratia

432 2124 537 2198 utpote
546 2120 613 2197 agri
627 2119 775 2180 Dominici
786 2121 938 2200 piissimas
949 2121 1203 2200 religiosissimas-
1252 2114 1389 2192 d011sst10,
1412 2119 1465 2178 sed
1491 2123 1611 2197 oportet
1632 2119 1727 2178 etism
1750 2121 1879 2182 eredere
1896 2139 1958 2182 esse
1972 2139 2011 2180 te·

431 2229 492 2290 qua
506 2211 656 2286 cultrices,
673 2231 737 2272 non
751 2211 855 2273 minus
868 2213 957 2274 docta
969 2233 1064 2294 quam
1077 2235 1150 2276 rara
1166 2236 1201 2277 aa
1252 2207 1392 2269 missum·

431 2309 536 2364 saneta
556 2304 734 2382 sordidatio,
761 2306 948 2384 reprobatio,
975 2313 1005 2368 et
1032 2309 1199 2372 damnatis.
1292 2301 1343 2361 ΧῘ·
1367 2301 1458 2361 Nullo
1481 2303 1732 2364 m0d0⁰011fidas
1755 2305 1876 2366 absolvi
1904 2311 2014 2387 propter

431 2397 529 2456 Multa
548 2415 671 2476 quoque
694 2397 754 2457 alia
777 2398 910 2476 allegare
932 2418 1101 2478 possemus,
1119 2421 1199 2482 qum,
1250 2395 2013 2478 tuamcontritionemsedpropterverhumfihristi.

430 2489 644 2550 remuriam
657 2496 761 2551 texere
775 2491 949 2568 videamur,
966 2495 1201 2572 praetermittere
1252 2485 1451 2568 quodcumque
1475 2488 1597 2549 soluere
1611 2496 1668 2551 etc·
1693 2491 1803 2553 Marte.
1829 2495 1883 2554 t6·
1898 2493 1962 2565 Hie
1975 2492 2014 2553 in-

430 2582 616 2642 censuimns.
633 2584 690 2643 Pro
702 2584 862 2662 pastoralis
876 2582 971 2662 igitur
993 2586 1085 2647 officii
1099 2588 1203 2648 diviua
1252 2597 1356 2658 quam.
1370 2580 1503 2649 confide,
1519 2581 1545 2642 si
1563 2583 1728 2642 sacerdotis
1747 2584 1923 2647 obtinueris
1942 2586 2015 2646 absa

430 2675 530 2754 gratia
537 2675 626 2734 nobis
635 2675 766 2754 injuncti
774 2694 860 2751 cura,
871 2679 1201 2760 quamgerimus,prae-
1253 2672 1414 2748 lationem,
1428 2679 1459 2734 et
1476 2674 1566 2734 crede
1587 2675 1706 2736 fortiter
1731 2681 1762 2738 te
1783 2677 1973 2752 absolutum,
1991 2683 2016 2738 et

430 2768 585 2828 dictorum
606 2786 747 2828 errorum
761 2769 847 2828 virus
869 2770 1049 2848 pestiferum
1075 2773 1203 2834 adterius
1252 2764 1411 2826 absolutus
1431 2784 1503 2826 vere
1521 2766 1592 2844 eris,
1614 2767 1766 2847 quidquid
1785 2770 1826 2831 sit
1850 2771 1891 2833 de
1910 2771 2014 2833 conhi-

430 2859 562 2920 tolerare
573 2877 627 2920 seu
640 2859 845 2936 dissimulare,
857 2861 923 2922 sine
938 2863 1118 2925 Christianae
1131 2865 1203 2926 reli-
1252 2858 1348 2918 tione·

430 2951 533 3031 gioms
551 2957 626 3011 nata
655 2958 747 3031 atque
774 2952 954 3013 orthodoxas
979 2954 1050 3015 fidei
1078 2957 1202 3036 injuria,
1293 2951 1359 3010 XII·
1382 2950 1412 3010 Si
1427 2967 1483 3031 per
1495 2950 1683 3031 impossibile
1696 2953 1854 3016 consessus
1868 2975 1933 3018 non
1951 2959 2017 3018 esset

430 3044 518 3104 nullo
533 3044 935 3124 modopossumusEorum
948 3053 1203 3112 autemerrorum
1253 3044 1413 3118 contritus,
1440 3048 1494 3105 aut
1513 3045 1652 3106 sacerdos
1672 3064 1736 3106 non
1760 3049 1854 3125 serio,
1882 3051 1935 3111 sed
1956 3049 2018 3128 joco

431 3136 551 3216 aliquas
593 3137 797 3215 praesentibus
832 3137 977 3200 duximus
1015 3141 1201 3222 inferendos,
1253 3135 1434 3212 absolveret,
1462 3138 1487 3197 Si
1512 3142 1618 3197 lamen
1645 3139 1751 3200 eredat
1773 3157 1806 3201 se
1835 3142 2015 3212 absolutum,

432 3245 567 3308 qnorum
579 3234 669 3289 tenor
680 3230 830 3308 sequitur,
843 3235 873 3290 et
884 3237 929 3291 est
942 3232 1022 3292 talis.
1254 3229 1410 3289 verissima
1427 3233 1472 3289 est
1483 3229 1651 3302 absolutus

474 3323 496 3383 l.
520 3322 670 3382 Haeretiea
708 3323 860 3383 sententia
901 3329 957 3399 est,
992 3325 1046 3385 sed
1079 3327 1202 3401 usitata,
1294 3319 1374 3380 Xlll.
1398 3321 1434 3380 ln
1447 3328 1639 3383 sacramento
1658 3321 1856 3386 Paenitentiae
1871 3345 1908 3388 ae
1922 3327 2018 3388 remis

433 3415 632 3476 Sacramenta
640 3432 729 3474 uovae
747 3414 825 3493 legis
839 3415 1059 3494 justificantem
1073 3421 1204 3498 gratiam
1254 3413 1531 3492 sissssectllpae2ss⁰1¹
1542 3412 1612 3492 pluss
1622 3415 2017 3501 tacitpapaautepiseopus

432 3507 492 3568 illis
506 3507 590 3583 darc,
605 3506 658 3584 qui
672 3525 736 3566 non
750 3508 1013 3586 ponuntobicem.
1255 3523 1350 3586 quam
1375 3505 1501 3566 infimus
1528 3507 1687 3582 sacerdos;
1717 3508 1782 3568 imo
1807 3511 1866 3572 ubi
1892 3531 1956 3572 non
1982 3516 2020 3572 ast

473 3599 512 3660 ll.
535 3598 570 3658 ln
584 3617 681 3678 puero
695 3606 764 3678 post
776 3600 965 3680 baptismum
979 3622 1205 3682 negarerema-
1255 3599 1404 3674 84108ΐᾶ05,
1425 3615 1513 3676 aeqllss
1535 3603 1658 3658 tantum
1680 3600 1810 3678 quilibet
1830 3603 2019 3674 Christianus,

433 3709 512 3754 nens
538 3697 709 3771 peccatum,
739 3697 784 3752 est
817 3693 958 3771 Paulum,
987 3702 1018 3756 et
1050 3698 1205 3760 Christum
1256 3691 1375 3752 etiamsi
1389 3691 1502 3750 mulier
1516 3696 1756 3771 altipueresset·

434 3784 527 3846 simul
538 3785 728 3846 conculcare.
1295 3784 1375 3844 XlV.
1388 3783 1496 3843 Nullus
1509 3783 1601 3844 debet
1614 3787 1801 3864 respondere
1819 3790 1982 3864 sacerdoti,
1996 3807 2022 3848 se

473 3878 526 3938 lll.
547 3877 657 3938 Fames
676 3877 808 3956 peccati,
833 3877 952 3938 etiamsi
976 3881 1099 3942 nullum
1126 3884 1207 3945 adsit
1255 3894 1320 3937 esse
1334 3875 1511 3950 contritum,
1528 3894 1584 3937 neo
1597 3877 1738 3938 sacerdos
1754 3881 1930 3959 requirere.

433 3969 551 4031 actuale
564 3979 738 4049 peccatum,
755 3975 894 4030 moratur
918 3978 1117 4034 exorantema
1134 3994 1205 4036 cor·
1297 3968 1361 4028 XV.
1379 3969 1509 4045 Magnus
1523 3973 1568 4030 est
1579 3987 1665 4030 error
1677 3973 1862 4051 aarum‚qui
1879 3976 1920 4036 asl
1933 3992 2024 4036 sacra·

434 4081 509 4142 pare
522 4062 660 4122 animam
675 4062 714 4122 ab
728 4063 870 4140 ingressu
885 4062 963 4124 caeli.
1257 4065 1363 4120 menta
1391 4059 1588 4120 Eucharistiae
1617 4063 1777 4140 accedunt,
1814 4065 1892 4127 huic
1923 4065 2022 4136 innixi,

475 4155 526 4216 lV.
550 4153 869 4233 Imperfectacharitus
878 4155 1024 4217 morituri
1033 4156 1092 4218 fert
1101 4177 1206 4220 secum
1256 4151 1340 4231 quod
1353 4151 1416 4211 sint
1429 4151 1568 4227 confessi,
1586 4154 1670 4232 quod
1684 4173 1748 4215 non
1767 4155 1829 4217 sint
1844 4159 1907 4219 sihi
1921 4155 2024 4220 conscii

435 4245 606 4307 necessario
620 4247 997 4327 magnumtimorem‚qui
1011 4268 1042 4310 se
1056 4249 1121 4310 solo
1135 4253 1207 4312 satis
1258 4244 1386 4322 alicujus
1404 4245 1520 4322 peceati
1543 4246 1692 4320 mortalis,
1714 4249 1797 4326 quod
1821 4251 2026 4328 praemiserint

435 4344 481 4399 est
505 4337 604 4398 lacere
622 4355 747 4417 prienam
771 4339 955 4418 purgatorii,
971 4345 1002 4400 et
1015 4341 1144 4420 impedit
1162 4344 1207 4404 in·
1257 4338 1410 4398 orationes
1433 4355 1514 4414 snas,
1535 4344 1566 4398 et
1587 4342 1832 4418 praeparatoria:
1853 4363 1967 4406 omncs
1987 4342 2026 4404 illi

435 4431 564 4492 troitum
573 4430 673 4508 regni.
1253 4429 1406 4507 judicium
1434 4428 1492 4488 sihi
1514 4430 1703 4490 manducant
1730 4437 1761 4492 et
1786 4433 1922 4512 bibunt;
1943 4435 1992 4497 sed
2005 4434 2027 4494 si

476 4524 514 4583 V.
536 4524 613 4582 Tres
626 4540 690 4582 esse
712 4527 814 4600 partes
830 4523 1030 4601 poenitentiae,
1048 4527 1206 4588 contritio·
1259 4521 1427 4582 credantet
1450 4521 1606 4582 confidant
1619 4541 1651 4582 se
1671 4525 1805 4601 matiam
1829 4525 1877 4587 ihi
1892 4546 2028 4590 consean-

436 4631 521 4690 nem,
537 4615 759 4675 confessionem
773 4619 804 4674 et
821 4614 1069 4694 satisfactionem,
1085 4636 1150 4679 non
1163 4627 1208 4682 est
1259 4621 1354 4682 turos,
1371 4613 1437 4673 heac
1449 4614 1514 4674 sola
1526 4614 1602 4676 fides
1611 4615 1744 4676 facitoos
1757 4636 1855 4697 puras
1868 4625 1902 4680 et
1912 4622 2026 4701 dignas.

436 4705 601 4768 fundatum
622 4706 654 4766 in
667 4724 754 4766 sacra
772 4706 940 4785 Scriptura,
957 4726 1014 4768 nec
1027 4709 1061 4768 in
1075 4711 1208 4791 antiquis
1299 4707 1378 4766 XVI·
1408 4706 1589 4767 Consllltum
1606 4708 1739 4784 Videtur,
1755 4713 1840 4790 quod
1855 4712 2029 4775 Ecclesiaiu

438 4800 550 4860 sanctis
564 4798 743 4860 Christianis
760 4799 946 4860 doctoribus.
1259 4798 1418 4860 communi
1433 4797 1560 4860 concilio
1570 4801 1889 4866 statueretlaieossub
1903 4813 2029 4886 armaque

480 4893 531 4952 Vl.
554 4891 713 4968 Contritio,
736 4909 805 4970 quae
828 4898 955 4971 paratur
974 4913 1029 4972 per
1047 4895 1208 4958 discussio·
1259 4892 1359 4972 specie
1379 4891 1670 4966 communicandam
1685 4911 1743 4954 nec
1758 4896 2029 4960 Bohcmieommu·

439 5002 524 5060 nem,
539 4983 744 5058 collationem,
765 4988 796 5044 et
816 4985 1049 5047 detestationem
1069 4995 1208 5068 peceato-
1261 4985 1398 5045 nicantes
1411 4983 1469 5043 sub
1482 4989 1612 5062 utraque
1624 4985 1723 5064 specie
1733 4992 1807 5048 sunt
1819 4988 1972 5067 haeretici,
1983 4989 2030 5050 scd

440 5095 522 5152 rum,
539 5095 600 5156 qua
614 5077 682 5154 quis
696 5077 845 5155 recogitat
857 5095 956 5138 annos
970 5097 1041 5139 suas
1054 5081 1087 5140 in
1101 5083 1211 5142 amari-
1261 5075 1451 5138 schismatici.

441 5170 548 5230 trullae
566 5169 775 5237 animasum,
797 5169 996 5248 ponderando
1015 5179 1210 5251 peecatorum
1302 5169 1393 5228 XVll.
1417 5168 1565 5228 Thesauri
1580 5167 1737 5246 Ecclesiae,
1766 5172 1851 5233 unde
1878 5193 1962 5255 papa
1983 5175 2032 5236 dot
2085 5189 2088 5214 ⁴

441 5261 641 5341 grauitatem,
696 5260 956 5339 multitudinem,
1010 5265 1210 5328 amissionem
1261 5261 1480 5340 indulgentias,
1504 5279 1568 5321 nau
1598 5267 1671 5322 sunt
1705 5263 1815 5324 merita
1851 5267 1977 5342 Christi,
2004 5271 2032 5328 et

442 5359 565 5415 aeternae
579 5353 794 5428 beatitudinis,
813 5371 849 5414 ac
869 5360 992 5416 aeternae
1006 5357 1212 5420 damnationis
1262 5359 1449 5416 sanctorum.

443 5446 693 5526 acquisitionem,
718 5445 784 5506 haec
810 5447 952 5508 contritio
974 5447 1044 5510 tacit
1069 5450 1210 5530 hypocri·
1303 5446 1408 5507 XVlll.
1434 5445 1634 5523 lndultltltfiae
1649 5450 1722 5506 sunl
1744 5447 1804 5526 piae
1823 5447 1951 5512 fraudes
1963 5451 2031 5512 fide·

443 5544 520 5614 tam,
535 5539 599 5599 imo
611 5540 709 5619 magis
722 5543 923 5618 peccatorem.
1261 5541 1350 5616 lium,
1380 5543 1411 5599 et
1435 5537 1629 5598 remissiones
1654 5537 1810 5600 bonarum
1832 5560 1966 5621 operum
1983 5547 2030 5604 :ct
