3944 6350
327 426 385 484 166
983 421 1092 484 LlBEll
1115 421 1256 483 PRIMUS

326 589 496 668 cortjugalis
517 597 561 650 est
571 591 650 670 juris
670 598 800 662 naturae,
816 597 847 652 et
860 598 966 652 tamen
981 606 1092 668 suppo·
1144 588 1311 668 perlegam
1325 592 1478 670 pianelam
1492 595 1684 674 prohibeam,
1700 617 1731 659 v.
1744 597 1886 674 6611616-

325 683 372 742 nit
399 683 577 744 societatem
605 684 769 744 hominum
787 685 839 756 3id
870 689 916 742 est
937 684 974 743 de
994 683 1093 740 bono·
1142 699 1212 760 ceps
1233 701 1289 761 per
1316 684 1417 761 legem
1444 687 1599 764 poenalem
1624 691 1755 752 intentet
1776 698 1886 752 mortem
1967 721 1968 724 ¹

325 776 428 836 randis
457 776 646 855 parentibus,
676 777 810 838 colendis
833 774 1090 847 benefactoribus,
1142 771 1199 847 illi,
1216 775 1270 852 qui
1284 794 1301 834 e
1314 775 1432 836 vivario
1455 782 1611 860 succepit
1635 782 1747 858 leram3
1762 783 1810 862 qui
1822 783 1887 845 hanc

325 873 382 928 ete.
408 870 438 928 1.
465 871 555 947 11666.
594 869 666 930 dicit
694 869 745 947 jus
773 869 914 946 gentium
938 885 1002 928 esse
1026 885 1092 945 per·
1142 866 1252 944 capiet,
1267 868 1405 929 incurret
1419 871 1541 952 culpam
1556 873 1782 950 Theologicam,
1796 877 1888 955 inpri-

325 961 485 1021 missiones
511 962 660 1039 quasdam
685 963 763 1039 juris
786 961 934 1022 matruelis
948 960 1093 1020 omnibus
1142 959 1202 1018 mis
1221 959 1306 1034 lorti,
1322 961 1401 1040 'quia
1428 961 1492 1024 iera
1512 964 1633 1028 inclusa
1659 974 1706 1028 est
1726 967 1782 1028 sub
1802 970 1889 1030 stricto

325 1053 502 1112 mationibus
516 1071 709 1127 communae,
725 1054 770 1113 uti
783 1054 866 1132 quod
879 1053 970 1113 liceat
983 1052 1047 1112 vim
1062 1053 1092 1112 vi
1141 1052 1280 1113 dominio
1294 1053 1497 1131 includentis3
1508 1057 1620 1119 deinde
1633 1060 1729 1120 etiam
1741 1061 1888 1134 homicidii,

327 1145 486 1222 repellere.
520 1145 639 1208 Contra.
658 1146 822 1224 Daturjus
843 1145 1092 1224 Ι66611666611616
1141 1162 1197 1206 seu
1224 1145 1383 1207 occisionis
1402 1149 1461 1222 sui,
1485 1150 1512 1209 si
1530 1155 1647 1212 temere
1667 1171 1700 1213 se
1714 1155 1889 1232 exponatisti

325 1237 553 1316 obligatorium,
578 1238 625 1299 uti
652 1243 757 1317 postea
778 1238 993 1312 assignabitur.
1032 1238 1093 1296 Has
1142 1237 1277 1316 periculo
1293 1240 1416 1315 mortis3
1441 1241 1491 1301 bas
1509 1246 1615 1304 tamen
1635 1244 1735 1324 culpe
1755 1263 1813 1306 non
1832 1255 1892 1308 siml

326 1345 444 1406 omnes,
473 1332 607 1410 aliasque
618 1332 784 1392 sententias
796 1331 936 1410 pluribus
955 1331 1093 1392 coosulat
1142 1329 1260 1390 ratione
1285 1329 1361 1409 legis
1379 1333 1510 1412 poenalis
1534 1336 1587 1396 sed
1603 1336 1710 1415 legum
1723 1339 1892 1401 naturalium

326 1424 415 1485 Smer.
438 1423 553 1484 1616.
570 1427 600 1484 6.
616 1443 680 1504 cop.
704 1427 739 1484 l'l
753 1430 782 1483 et
797 1442 875 1504 seqq.
1144 1423 1314 1484 rotandum
1327 1424 1421 1500 furta,
1434 1431 1466 1486 et
1486 1428 1671 1490 amisionem
1689 1431 1756 1490 sui:
1772 1432 1893 1493 similiter

241 1519 301 1580 666
365 1515 393 1594 §.
408 1518 437 1576 6.
453 1518 509 1578 lus
522 1516 663 1595 gentium
677 1516 787 1576 melius
807 1516 1025 1591 siedefinitur;
1041 1516 1092 1578 lex
1142 1516 1283 1592 quamtis
1299 1517 1348 1578 lex
1366 1519 1496 1597 pernulis
1515 1521 1694 1583 immediate
1712 1523 1820 1602 obliget
1835 1531 1892 1586 tan-

325 1627 390 1668 non
412 1610 534 1688 scripta,
555 1627 624 1687 qum
648 1627 702 1687 per
721 1609 852 1669 liberam
866 1609 1018 1681 omnium,
1039 1617 1094 1670 aut
1142 1611 1209 1668 tum
1225 1608 1282 1668 sub
1296 1627 1388 1688 piena
1409 1612 1542 1673 mediate
1554 1617 1666 1684 tamen
1688 1615 1799 1694 obligat
1812 1616 1892 1677 etiam

323 1699 387 1760 lere
420 1701 562 1761 omnium
590 1701 752 1761 nationum
786 1701 1029 1776 consensionem,
1063 1708 1095 1763 et
1142 1699 1199 1759 sub
1211 1701 1312 1779 eulpa,
1325 1701 1398 1780 quia
1410 1709 1602 1782 trangressor
1616 1707 1769 1786 obligatur
1780 1710 1810 1769 in
1819 1727 1893 1769 eons-

324 1811 417 1854 usum
435 1799 568 1870 recepta,
593 1794 658 1853 vim
679 1794 835 1870 obligandi
850 1793 953 1868 habet,
975 1794 1017 1854 ita
1029 1793 1092 1856 fere
1142 1792 1252 1853 aientia
1265 1812 1390 1873 posnam
1408 1795 1537 1871 solvere,
1559 1799 1734 1878 amittitque
1745 1801 1804 1878 jus,
1827 1821 1855 1861 r.
1867 1821 1892 1881 g.

326 1885 416 1946 Suar.
433 1892 463 1946 et
475 1888 591 1946 Aversa
604 1885 651 1946 bie
664 1905 693 1964 q.
710 1889 760 1946 et.
776 1905 799 1946 s.
815 1887 845 1945 1.
862 1883 982 1946 Dicetur
997 1888 1026 1946 1,
1044 1886 1091 1948 lea
1141 1885 1180 1946 ad
1199 1887 1362 1965 pecuniam
1381 1905 1437 1966 pro
1457 1890 1572 1950 mirlcta
1589 1891 1778 1972 impositam,
1800 1893 1894 1954 saltem

323 1997 379 2038 non
397 1979 519 2058 serapte,
543 1979 626 2056 quod
646 1997 701 2057 per
719 1979 849 2039 modum
868 1978 990 2056 generis
1007 1981 1094 2058 poni-
1141 1979 1167 2038 si
1181 1979 1333 2056 exigatur.

323 2074 398 2132 tur:
434 2072 464 2132 2.
486 2071 553 2132 Vim
581 2070 735 2150 obliqundi
766 2070 848 2130 tabet
877 2090 934 2150 per
969 2070 1092 2132 liberum
1180 2071 1209 2148 ς.
1225 2074 1255 2132 3.
1272 2072 1334 2132 Lex
1349 2073 1488 2151 poenalis,
1508 2074 1565 2134 alia
1582 2081 1629 2136 est
1645 2075 1716 2137 latas
1739 2079 1893 2154 sententia,
1911 2083 1948 2141 aa

323 2163 541 2236 consensionem,
560 2165 705 2242 perquod
718 2163 845 2224 differta
855 2163 1091 2240 jurerationali,
1140 2163 1199 2222 alia
1212 2163 1363 2239 fcrendoe;
1384 2165 1518 2244 signum,
1540 2167 1623 2246 quod
1645 2169 1686 2228 sit
1705 2169 1775 2229 late
1787 2175 1894 2231 senten
1967 2225 1968 2234 2

323 2255 373 2314 eui
388 2255 457 2316 licet
471 2257 509 2315 sit
523 2257 670 2328 ricinum,
687 2263 716 2316 et
731 2255 834 2332 affine,
857 2275 893 2316 eo
908 2257 990 2334 quod
1005 2256 1092 2317 facile
1140 2255 1202 2331 tias,
1219 2261 1275 2330 est,
1288 2255 1374 2316 silex
1392 2257 1436 2316 ita
1450 2257 1572 2326 lrabeat,
1590 2260 1731 2340 qirisquis
1750 2261 1807 2322 hoc
1828 2261 1894 2323 iece-
1967 2317 1968 2330 ,

322 2365 361 2406 ex
384 2348 450 2427 ipso
476 2349 638 2416 formetur,
663 2366 717 2409 seu
737 2348 918 2418 deducatur,
942 2349 987 2409 uti
1010 2357 1092 2410 recte
1140 2347 1191 2419 rit,
1214 2348 1276 2427 ipso
1295 2347 1503 2429 sactopoenam
1523 2350 1664 2424 incurret,
1684 2353 1896 2414 6116666666-
1967 2395 1968 2400 κ

322 2440 411 2500 docet
426 2441 458 2500 S.
475 2442 533 2500 Th.
551 2443 579 2509 l,
597 2444 626 2501 ⁹2.
642 2461 672 2522 q.
686 2443 736 2500 tta.
759 2443 943 2502 6616611.
960 2441 1091 2521 ideoque
1140 2439 1265 2513 nz'eotus,
1281 2442 1562 2504 excommunicamus
1574 2461 1651 2518 eum,
1666 2463 1706 2505 en
1719 2453 1787 2505 tnnc
1799 2446 1897 2506 sitnm

321 2532 384 2592 dici
404 2534 499 2613 possit
521 2553 585 2594 esse
606 2535 723 2613 aliquid
740 2535 826 2612 qnasi
850 2534 988 2594 martium
1010 2536 1091 2596 inter
1139 2551 1241 2611 6666.
1259 2540 1328 2593 tune
1340 2533 1486 2614 sirdjueeot
1497 2553 1602 2615 6666,
1624 2537 1699 2597 amat
1713 2556 1742 2598 se
1756 2538 1897 2598 inmotae

321 2624 422 2700 legem
450 2627 677 2695 naturalem,et
689 2627 862 2706 positivam,
878 2628 976 2706 reipsa
986 2633 1091 2689 tamem
1136 2643 1257 2704 penam
1281 2633 1333 2687 etr.
1361 2627 1503 2705 Signum,
1532 2628 1616 2707 quod
1640 2627 1680 2689 sit
1700 2629 1828 2691 ferenda.
1842 2649 1898 2692 sen-

322 2724 369 2777 est
381 2717 484 2796 potins
496 2718 547 2778 lex
560 2720 700 2798 positiva,
710 2725 745 2778 ut
759 2719 847 2779 ‹loeet
861 2720 891 2780 S.
905 2722 962 2779 Th.
979 2739 1088 2799 supra:
1140 2719 1255 2791 tentia,
1265 2724 1319 2790 est,
1337 2717 1361 2778 si
1377 2719 1478 2780 solum
1488 2719 1626 2781 minetur
1639 2723 1897 2800 poenam,dieenda

322 2813 351 2870 3.
371 2810 430 2870 Per
451 2813 671 2880 consensionem,
696 2819 725 2870 et
753 2830 835 2870 arsum
872 2812 1002 2872 omniunt
1028 2814 1092 2891 lere
1140 2824 1168 2865 t'·
1183 2825 1214 2884 g·
1228 2805 1416 2866 Prohibtmvt
1428 2807 1481 2868 tub
1490 2827 1581 2888 Poena
1592 2812 1895 2878 excommunicationis.

322 2902 489 2974 nationum,
517 2921 573 2981 per
599 2904 682 2981 quod
707 2902 809 2963 differt
827 2903 865 2962 ab
885 2904 952 2963 aliis
973 2905 1091 2982 legibus
1140 2899 1450 2972 excommunicabitur,
1471 2903 1752 2975 excommunicetur,
1780 2905 1817 2964 sit
1833 2923 1896 2964 reus.

323 2995 473 3073 positivis,
497 3014 568 3073 quae
583 3013 647 3055 non
667 2996 709 3054 116
727 2995 787 3056 late
806 3013 838 3056 se
859 2997 1030 3057 extendunt
1052 2999 1090 3058 ad
1140 2990 1198 3051 11·ῑῖ
1211 3009 1278 3050 rent
1290 3009 1398 3070 ltttnoe,
1421 2991 1579 3072 obliyetur,
1600 2993 1899 3076 61666166ωὸ6-

321 3103 430 3146 omnes
443 3087 594 3162 nationes,
610 3105 667 3146 nec
679 3087 921 3148 introducuntur
935 3107 1091 3167 perusum
1140 3082 1215 3142 tebit
1227 3101 1320 3163 poenoe
1340 3092 1394 3144 etc·
1412 3087 1448 3144 In
1467 3085 1562 3146 dubio
1578 3093 1684 3148 autem
1699 3088 1849 3150 censenda
1860 3093 1897 3148 est

321 3179 496 3251 hominnm,
513 3179 566 3239 sed
581 3199 636 3258 per
646 3180 879 3258 dispositionem
891 3181 1088 3258 legislatoris:
1141 3193 1205 3236 csse
1219 3181 1338 3235 tantum
1350 3177 1484 3237 fcrendae
1499 3179 1671 3255 sententies,
1680 3181 1755 3260 quia
1765 3181 1798 3240 in
1808 3197 1897 3261 prem·

321 3270 364 3330 sio
378 3271 417 3330 ad
428 3271 480 3347 jus
491 3271 631 3348 gentium
645 3278 784 3351 spectant
797 3272 907 3332 divisio
922 3274 1088 3349 bonerum,
1142 3266 1218 3327 libus
1231 3269 1326 3328 cautis
1344 3269 1500 3349 beot'qm'us
1519 3269 1774 3352 interpretandum
1791 3284 1838 3350 eu,
1861 3271 1897 3331 uti

321 3360 435 3423 limites
457 3363 696 3441 possessionum,
731 3364 864 3443 receptio
894 3365 1088 3443 legatorum,
1140 3359 1797 3439 118116111163616116186866.1616161166.

322 3471 395 3514 usus
422 3455 709 3525 mercimoniorum,
731 3458 951 3518 commercium
975 3458 1090 3520 littera-
1180 3453 1208 3531 §.
1225 3455 1254 3512 1.
1272 3454 1303 3513 Si
1316 3454 1473 3532 legislator
1491 3455 1591 3535 primo
1605 3457 1764 3536 precipiat
1783 3457 1895 3536 aliquid,
1914 3459 1951 3518 so

321 3564 412 3607 runt:
428 3547 910 3627 116661666161161666666666,
924 3552 1091 3628 nequidem
1141 3551 1171 3604 et
1182 3550 1287 3624 postea
1307 3547 1473 3607 constituat
1490 3565 1616 3627 poenam
1637 3549 1895 3628 tmngtfflotihut,

322 3641 403 3700 inter
416 3640 534 3714 hostes;
551 3657 614 3700 non
631 3647 824 3702 venenantur
838 3641 951 3716 herbae,
970 3643 1091 3722 aliaque
1140 3634 1264 3714 Signum
1286 3643 1341 3712 esi,
1362 3639 1445 3717 quod
1462 3640 1502 3698 sit
1518 3639 1568 3700 lex
1589 3639 1701 3716 militm
1722 3659 1739 3703 e
1760 3647 1859 3702 contra
1878 3641 1897 3700 si

320 3732 360 3792 ad
388 3733 643 3793 sustentationem
670 3734 742 3794 vitae
757 3735 937 3801 necessaria,
967 3740 1026 3795 cte.
1053 3737 1091 3797 de
1140 3729 1190 3788 lex
1204 3729 1317 3791 directe
1331 3731 1375 3791 nil
1396 3732 1568 3811 praecipiat,
1584 3733 1637 3793 sed
1651 3739 1776 3794 tantum
1789 3751 1897 3814 pinnam

320 3823 433 3902 quibus
455 3825 600 3885 omnibus
621 3825 710 3904 plura
737 3825 834 3886 videri
857 3833 986 3904 possunt
1008 3829 1091 3907 apud
1141 3821 1280 3900 imponat
1299 3822 1348 3898 ils,
1368 3823 1420 3901 qui
1451 3839 1518 3884 rem
1541 3822 1679 3904 aliquam
1708 3826 1836 3904 egerint,
1857 3823 1898 3884 tel

322 3919 410 3980 Suae.
425 3937 526 3998 supro.
1141 3915 1312 3982 omiserint,
1324 3914 1512 3992 signumest,
1525 3916 1609 3994 quod
1619 3917 1660 3976 sit
1672 3921 1795 3978 tantum
1809 3934 1898 3997 poeua·

238 4027 296 4087 607
364 4011 462 4084 (689.
483 4011 555 4086 Ottoe
574 4011 623 4069 lea
644 4008 888 4089 61666166
915 4011 1093 4090 66616666
1141 4005 1188 4080 lis,
1205 4023 1279 4084 eg.
1296 4007 1427 4080 sidicat,
1452 4005 1555 4066 06666
1572 4007 1820 4070 mastreniuntad
1836 4015 1897 4067 tem-

321 4122 385 4163 eum
397 4101 580 4162 notandum?
593 4103 688 4180 Rrsp.
1140 4097 1236 4178 plum,
1258 4107 1286 4158 et
1304 4099 1358 4178 qui
1378 4117 1437 4158 666
1459 4099 1583 4174 venerit,
1597 4099 1704 4180 pendet
1725 4103 1775 4162 10.
1798 4117 1896 4169 numm,

360 4194 389 4272 §.
407 4198 434 4255 1.
451 4195 513 4254 Lex
527 4194 674 4254 dividitur
693 4195 725 4254 in
742 4194 903 4270 moralem,
926 4197 1089 4274 pmnalem,
1141 4197 1187 4252 est
1200 4192 1295 4252 mixta
1309 4211 1316 4264 ;
1330 4192 1354 4250 si
1369 4197 1473 4251 autem
1485 4191 1576 4263 dicat,
1592 4191 1897 4274 quiernsadtemplnm

321 4294 352 4347 et
363 4289 491 4346 mixtam
518 4305 524 4346 :
546 4286 671 4345 moralis
691 4291 746 4360 cst,
762 4303 832 4364 quas
844 4287 877 4346 in
893 4289 1091 4362 conscientia,
1142 4303 1200 4344 non
1214 4284 1334 4349 venerit,
1346 4282 1455 4363 pendet
1470 4286 1517 4344 10.
1534 4302 1647 4359 aureos,
1664 4291 1710 4345 est
1721 4284 1856 4364 poenalis.

321 4378 427 4438 etsub
447 4378 882 4458 culpaTlicologieaobligat,
906 4387 1092 4442 nontamen
1182 4377 1210 4454 ἓ.
1227 4379 1256 4435 5.
1275 4375 1306 4434 Si
1336 4395 1385 4436 res
1418 4376 1614 4454 praecipiatur
1646 4377 1704 4437 sub
1730 4395 1820 4458 poena
1843 4393 1897 4436 non
1915 4387 1949 4448 611

321 4471 378 4531 sub
393 4487 485 4549 perna
498 4470 665 4546 infligenda
689 4471 727 4530 ab
739 4471 933 4544 hominibus3
950 4473 1090 4551 poenalis,
1142 4469 1239 4547 gravi,
1264 4487 1294 4527 v.
1314 4487 1345 4546 g.
1371 4467 1429 4527 sub
1448 4469 1769 4531 excommunicatione
1786 4468 1895 4537 minori,

321 4581 391 4641 quae
422 4563 541 4623 ratione
569 4563 616 4622 sui
636 4561 811 4622 immediate
832 4563 949 4640 obligat
970 4569 1093 4626 166166]
1142 4562 1200 4621 sub
1211 4561 1374 4622 interdicto
1386 4561 1423 4620 ad
1437 4560 1532 4622 breve
1545 4565 1670 4640 tempus
1691 4567 1750 4622 etc.
1765 4558 1898 4639 obligabit

322 4656 379 4716 sub
403 4673 508 4735 poena3
535 4653 643 4727 mixta,
672 4673 742 4733 quie
769 4654 884 4730 obligat
914 4656 971 4717 sub
1005 4656 1095 4737 culpa
1142 4659 1264 4713 tantum
1279 4653 1336 4713 sub
1349 4654 1462 4714 veniali
1478 4673 1485 4713 ι
1502 4654 1527 4713 si
1538 4654 1737 4734 precipiatur
1752 4655 1807 4714 sub
1819 4668 1898 4733 poena

322 4747 517 4825 Theologica,
564 4747 717 4825 simulque
756 4748 813 4807 snb
855 4765 963 4826 posna3
1009 4751 1094 4811 irnde
1143 4746 1241 4822 gravi,
1254 4746 1308 4805 sed
1321 4745 1456 4805 lerendae
1466 4746 1554 4824 prins
1565 4746 1741 4818 sententie,
1757 4763 1817 4806 non
1829 4759 1897 4804 sem·

322 4841 468 4901 audiendi
482 4857 547 4900 non
570 4845 643 4898 sunt
663 4840 716 4918 qui
736 4840 819 4918 apud
834 4840 958 4918 bloyam
973 4847 1045 4902 tom.
1063 4845 1092 4903 1.
1142 4855 1199 4917 per
1211 4837 1342 4914 intelligi
1356 4835 1469 4916 poterit
1489 4837 1626 4916 obligare
1640 4839 1698 4898 sub
1713 4838 1801 4918 eulpa
1812 4835 1896 4915 graii,

324 4931 1091 5012 66666366.1666666.1616.
1143 4935 1272 4991 utrecle
1290 4947 1362 4990 cum
1376 4929 1442 4990 aliis
1460 4928 1600 5007 Lugode
1615 4930 1697 5011 just.
1719 4930 1751 4991 d.
1770 4933 1799 4992 6.
1814 4929 1895 4988 6111.

323 5027 361 5088 It.
378 5027 428 5086 11).
450 5043 514 5084 666
535 5029 706 5101 agnoscunt
724 5025 756 5082 im
779 5023 847 5101 lege
866 5024 1092 5104 6116666636-
1143 5022 1317 5102 saepeenim
1335 5039 1426 5102 poena
1440 5027 1486 5082 est
1508 5021 1548 5081 ad
1570 5022 1775 5084 terrendum:
1798 5025 1827 5082 et
1839 5017 1897 5079 uni·

322 5119 440 5177 tionem
453 5116 510 5176 sub
525 5116 624 5194 culpa,
642 5122 673 5176 et
686 5133 788 5194 prena,
804 5117 856 5176 sed
869 5115 1092 5179 voluntomnes
1142 5115 1300 5175 versaliter
1313 5113 1480 5192 loquendo,
1497 5113 1522 5172 si
1535 5111 1586 5174 lex
1599 5119 1665 5174 tam
1688 5113 1795 5188 civilis,
1814 5125 1893 5191 quam

323 5228 399 5287 esse,
428 5209 478 5269 rel
503 5209 635 5270 morales
657 5214 789 5274 tannim,
812 5209 860 5269 vel
881 5215 1004 5269 tantum
1021 5227 1090 5290 poe·
1142 5207 1349 5268 Ecclesiastico
1371 5205 1487 5266 feratur
1507 5204 1611 5265 verbis
1644 5205 1840 5286 praceeptiris,
1869 5205 1894 5260 et

323 5303 419 5363 meles.
1142 5299 1270 5360 materia
1292 5299 1331 5358 sit
1348 5298 1461 5375 gravis,
1486 5297 1608 5358 ridetur
1630 5298 1817 5378 probabilius
1832 5309 1891 5356 cum

240 5406 301 5466 608
364 5394 392 5474 ἓ.
408 5397 435 5455 i.
455 5395 600 5468 eramvis
623 5393 673 5453 lex
686 5392 820 5471 ptenalis
832 5393 952 5454 ratione
964 5395 1011 5455 sui
1026 5414 1088 5456 uon
1143 5393 1280 5470 Castrop.
1297 5389 1346 5451 bie
1360 5388 1389 5450 d.
1407 5395 1435 5451 1.
1449 5409 1481 5470 p.
1506 5391 1536 5462 s,
1553 5389 1616 5450 llls.
1633 5397 1655 5452 t.
1672 5396 1703 5451 1.
1718 5389 1749 5452 d.
1763 5391 1791 5452 1.
1806 5387 1888 5449 631.

325 5488 439 5564 obliget
452 5487 509 5547 sub
524 5486 624 5563 culpa,
640 5491 739 5563 potest
756 5489 861 5544 tamen
880 5485 1003 5546 aliunde
1027 5505 1092 5547 esse
1142 5489 1173 5545 ct
1186 5484 1253 5544 aliis
1267 5489 1375 5544 contra
1389 5483 1517 5543 Navarr.
1533 5483 1618 5562 quod
1631 5482 1683 5543 lex
1696 5501 1761 5544 non
1777 5483 1813 5542 sit
1824 5493 1889 5558 pure

325 5577 541 5650 obligatiosub
563 5577 664 5655 eulpa,
689 5577 878 5650 66661166,
899 5579 1089 5656 quodetiam
1143 5576 1283 5655 penatis,
1316 5575 1369 5634 sed
1396 5573 1512 5646 mixta3
1533 5574 1558 5633 si
1582 5581 1766 5636 autemnon
1790 5572 1889 5632 lerator
