3938 6338
669 397 849 474 QUAESTlO
871 397 999 460 FACTI.
1569 394 1625 456 251

74 555 333 622 sibiconnadioeret
354 563 388 624 in
406 563 515 626 eodem
528 563 623 642 libro,
648 565 732 645 quod
746 583 811 626 non
860 572 891 626 et
906 564 939 626 S.
950 564 1124 626 Antoninus
1137 563 1415 636 ibidemadmonet‚
1428 564 1546 622 nonest
1555 563 1628 640 pr0·

73 654 136 710 esset
156 649 342 716 credendum.
369 655 510 732 Secundo,
531 655 608 738 qnod
630 656 663 720 S.
688 657 811 719 Tiomas
859 656 970 717 babilis
983 657 1100 737 opinio,
1116 674 1186 736 quos
1200 651 1562 734 estcontramcm'feotom
1576 657 1629 712 tes-

71 739 197 820 ouijonpit
209 742 308 806 inimo
323 749 426 811 cerda:
448 749 480 812 Si
487 750 521 810 in
534 751 701 830 quamdam
720 749 810 812 dubi-
861 748 1017 809 timonium
1028 748 1208 829 Scriptura,
1224 748 1270 809 oet
1285 744 1556 808 dominationem
1567 741 1630 804 Eo-

70 831 195 915 totianem
207 835 371 910 inducitur,
387 847 417 902 et
430 842 473 903 sio
486 848 633 904 manente
646 843 703 903 tali
716 841 810 902 dubi·
860 841 966 903 clese'oe.
974 843 1013 903 At
1020 841 1097 903 illud
1105 845 1255 921 praeterea
1263 841 1338 901 huie
1346 837 1509 900 sententias
1523 835 1630 896 suffra·

69 925 273 1006 tationeplures
292 933 475 1011 praebendos
487 935 597 1012 habet,
618 934 756 1016 periculo
779 953 811 996 se
859 933 939 1012 gari,
973 934 1119 1013 praeclare
1145 933 1280 994 ostendit
1303 931 1477 1011 Stephanus
1502 927 1631 1008 Spinola

67 1017 217 1096 committit,
233 1023 315 1084 etsie
327 1027 436 1105 procul
450 1027 545 1088 dubio
569 1033 693 1110 peccat:
723 1026 812 1089 Sica
860 1025 939 1104 disp.
965 1027 995 1087 3.
1022 1031 1096 1087 sect.
1127 1027 1157 1086 t.
1175 1043 1247 1085 oum
1265 1042 1302 1084 ex
1326 1023 1425 1084 allatis
1446 1022 1477 1082 S.
1503 1021 1631 1082 Thema

68 1108 95 1172 S.
111 1111 245 1174 Antonino
262 1120 432 1198 exponitur.
450 1121 538 1195 Quod
552 1122 587 1182 B.
612 1121 765 1196 Thomas,
781 1125 813 1180 et
860 1118 963 1178 verbis
982 1119 1025 1179 ite
1042 1123 1297 1198 argumentatur:
1313 1134 1391 1196 erpo,
1415 1115 1447 1174 in
1462 1113 1502 1178 iis
1513 1129 1580 1193 qna
1592 1111 1633 1174 ad

65 1201 107 1262 alii
118 1203 231 1282 dieunt,
249 1211 333 1288 quod
343 1211 414 1285 ille,
430 1213 486 1292 qni
500 1213 563 1292 agit
575 1213 618 1286 id,
635 1213 673 1274 de
688 1230 751 1291 quo
765 1217 813 1273 est
859 1207 959 1290 fidon,
975 1216 1003 1270 et
1023 1209 1108 1271 domm
1126 1227 1221 1270 moros
1240 1215 1378 1289 spectant,
1394 1212 1551 1267 aecusator
1565 1209 1631 1286 quot

66 1294 185 1372 dubium,
204 1307 309 1363 utrum
332 1305 373 1364 sit
393 1304 535 1382 mortale,
555 1324 597 1367 an
611 1323 686 1382 non,
706 1310 813 1384 peccat
859 1301 1380 1383 sepriendoopinionemsuiiioctoris,
1395 1300 1423 1360 si
1433 1297 1536 1359 nonsit
1551 1315 1631 1358 erro

64 1388 222 1468 montalter,
237 1394 311 1472 quia
320 1397 458 1475 periculo
472 1415 504 1458 se
517 1397 644 1477 exponit
657 1396 808 1472 mortalis,
860 1413 924 1474 neo,
949 1402 979 1455 et
993 1413 1092 1455 oorora
1106 1395 1295 1474 manifestum
1318 1391 1488 1473 Scriptura
1507 1389 1631 1450 testimo-

64 1497 156 1540 verum
179 1491 298 1548 tantum
328 1495 393 1567 est,
422 1490 575 1550 sumendo
606 1489 750 1569 proprie,
781 1493 812 1549 et
861 1488 954 1557 niam,
976 1487 1053 1567 qaod
1066 1485 1210 1562 estidem,
1227 1503 1262 1547 ac
1275 1481 1627 1566 qaondoestprobobiiio‚

62 1573 148 1634 stricte
160 1575 392 1658 dubitationem,
414 1581 553 1642 videlieet
566 1585 659 1661 prout
677 1581 812 1642 rationes
860 1579 930 1662 quia
940 1579 1069 1660 acceptio
1079 1579 1182 1660 firmat
1200 1577 1335 1659 repetam
1350 1578 1382 1636 in
1401 1594 1458 1636 non
1470 1573 1628 1655 ecceptc‘s'.

63 1668 122 1721 sunt
133 1682 213 1743 aqiie
224 1667 433 1746 ponderantes
447 1671 487 1730 ad
500 1675 664 1748 cotramque
677 1674 809 1748 partem,
901 1672 951 1734 Sic
966 1671 1148 1751 explicatam
1177 1671 1210 1731 S.
1233 1671 1360 1731 Themin
1373 1668 1558 1729 sententiam
1580 1668 1632 1728 de·

63 1771 108 1816 noc
118 1758 208 1836 magis
223 1759 358 1823 declinat
381 1763 450 1842 quis
470 1763 509 1823 ad
529 1780 639 1838 unam,
660 1779 755 1840 quam
772 1763 811 1822 ad
860 1765 992 1826 tendunt
1010 1763 1192 1824 nobilissimi
1217 1763 1283 1841 ejus
1299 1760 1451 1840 discipuli.
1477 1761 1570 1836 Nem,
1594 1767 1647 1820 ut·

62 1847 277 1913 nammatio
296 1855 431 1916 Sanetus
444 1855 622 1916 Antoninus
634 1853 731 1932 addit,
746 1873 811 1915 non
861 1859 1003 1918 omittam
1015 1857 1142 1918 Petrum
1157 1854 1403 1930 Paludanum,S.
1424 1853 1628 1931 Antoninum,

61 1939 95 2000 ita
106 1957 133 2002 se
144 1959 208 2002 rem
220 1943 354 2022 hebere,
374 1965 447 2008 cum
460 1965 525 2010 non
539 1953 584 2009 est
596 1947 726 2007 dubium
738 1965 811 2026 pro·
861 1949 1172 2024 DidaoumAlvercm,
1182 1948 1460 2010 etBatholomoeum
1467 1945 1625 2024 Ledesma,

61 2035 114 2110 pria
126 2033 245 2110 dictum,
269 2039 321 2098 sed
338 2041 443 2118 opinio
456 2039 637 2119 probabilis.
650 2039 738 2100 Unde
748 2039 810 2099 eol-
861 2061 938 2123 quos
947 2038 1630 2121 superinsinterEpiscoposappellavi,diserte

60 2123 149 2203 ligitur
170 2134 326 2205 postrema
352 2132 383 2192 S.
400 2132 529 2192 Thomae
550 2131 645 2191 verba
658 2131 731 2192 huic
745 2149 813 2192 sen·
861 2135 994 2215 primam
1010 2135 1188 2214 opinionem
1200 2135 1289 2195 docet
1304 2132 1448 2193 silvester
1462 2131 1581 2192 Priores
1594 2131 1630 2192 in

60 2219 331 2299 tentiasuffragari.
352 2223 415 2284 Aut
434 2243 471 2285 co
485 2223 642 2285 contrariis
661 2224 812 2302 opinioni·
863 2229 1012 2304 Summa,
1034 2227 1129 2288 verbo
1151 2227 1272 2308 opinio,
1295 2243 1384 2286 num.
1411 2241 1433 2284 t.
1463 2223 1630 2302 Postquam

61 2307 110 2385 bo,
123 2311 227 2391 nant,
243 2313 276 2373 in
291 2315 406 2376 nullam
421 2315 630 2378 dubitationem
641 2315 808 2389 adducitur,
860 2321 945 2382 enim
964 2320 1098 2380 recitavit
1117 2326 1308 2399 postremum
1334 2318 1364 2377 S.
1391 2316 1519 2376 Thomae
1547 2316 1631 2376 testi-

59 2402 126 2463 etsic
136 2423 186 2464 non
200 2407 362 2466 committit
376 2425 404 2468 se
424 2405 609 2480 domimini,
636 2427 687 2468 neo
695 2417 809 2489 peccat.
861 2414 1013 2489 monium,
1028 2413 1175 2472 continuo
1189 2400 1232 2470 ita
1245 2409 1404 2488 subjungit
1417 2407 1629 2468 Panormitani

59 2494 121 2567 Quoia
133 2494 278 2572 uidelicet,
295 2502 334 2559 ut
347 2499 566 2560 animadvertit
581 2499 812 2562 SanctusAnto-
859 2506 973 2566 verbe:
990 2525 1005 2562 o
1018 2522 1149 2583 sequens
1163 2503 1341 2582 opinionem
1350 2500 1478 2579 aiicujus
1492 2500 1630 2560 Doctoris

59 2587 224 2660 onustatis
238 2599 447 2672 monoperotnr
459 2594 490 2653 in
497 2591 587 2653 dnbio
598 2592 749 2670 mortalis,
763 2593 814 2654 sod
859 2616 924 2658 non
939 2597 1090 2657 subtiliter
1104 2597 1329 2673 investigatam,
1347 2612 1417 2672 quoe¹
1430 2593 1630 2672 postmodum

57 2677 189 2740 emendam
202 2682 368 2762 opinionem
380 2683 601 2764 promittent
860 2695 987 2770 apparet
1007 2689 1092 2757 falsa,
1117 2693 1281 2748 exornatur
1299 2691 1466 2766 apeooato,
1490 2685 1629 2764 qnandiu

89 2773 180 2833 Nihilo
192 2775 293 2853 magis
303 2775 376 2836 huie
391 2777 530 2857 opinioni
543 2777 724 2838 adversatur
734 2777 810 2839 alte·
860 2801 924 2844 non
938 2781 1115 2862 apparuerit
1132 2780 1218 2841 falsa.
1247 2778 1321 2840 Tam
1342 2786 1497 2858 atramque
1517 2785 1630 2838 senten-

57 2881 115 2924 rum
137 2866 238 2926 Sancti
259 2867 390 2928 Thomae
411 2869 642 2945 testimonium,
662 2871 747 2948 quod
773 2887 811 2931 ex
861 2876 936 2936 tiam
964 2873 1009 2933 ita
1035 2872 1183 2934 conciliat:
1216 2873 1248 2932 S.
1275 2871 1410 2930 Thomas
1430 2869 1514 2942 dicit,
1544 2869 1628 2948 quod

58 2957 182 3022 01¹⁰dlib·
199 2961 228 3019 3·
247 2965 310 3019 art·
327 2962 376 3020 ¹0·
392 2961 620 3022 Wendrockitls
634 2960 737 3039 objicit
754 2981 761 3021 τ
780 2962 810 3021 in
860 2961 1626 3041 talesnonexcusanturiniis,qnaesuntmanifeste,

57 3045 211 3129 intinquit
227 3051 260 3110 S.
278 3052 403 3128 Ductor,
418 3070 485 3134 qua
493 3053 646 3133 pertinent
659 3051 700 3113 ad
710 3052 809 3134 fideti,
861 3061 891 3117 et
909 3055 988 3116 clare
1003 3055 1204 3114 determinata
1228 3051 1350 3112 alicubi.
1373 3050 1418 3110 Et
1432 3047 1529 3130 paulo
1539 3057 1626 3130 post:

56 3139 168 3202 aionas
192 3161 287 3204 mores
311 3141 412 3204 nutias
429 3153 601 3221 recusatur,
626 3145 654 3204 si
677 3153 812 3225 sequatur
860 3146 1097 3210 Panormitanus
1131 3163 1204 3205 vero
1235 3143 1373 3223 loquitur
1412 3143 1446 3202 in
1478 3141 1627 3203 obscuris.

55 3251 187 3296 eamcam
201 3234 368 3315 opinionem
382 3235 509 3317 alicujus
521 3236 677 3317 Mapaitri:
695 3241 728 3296 in
744 3237 812 3297 tali·
860 3239 972 3304 Deinde
996 3242 1145 3299 contraria
1173 3241 1347 3318 arpammta
1374 3235 1417 3294 oia
1438 3233 1543 3294 soluit:
1567 3235 1630 3295 Neo

57 3325 98 3385 ior
121 3331 195 3388 enim
223 3327 398 3408 ipnorontia
429 3347 487 3389 non
520 3336 656 3390 eaonsat:
682 3327 812 3410 alioquin
860 3331 1108 3410 obstat,quodin
1122 3329 1329 3390 dubiistutior
1342 3325 1626 3408 parsesteligenda,

56 3417 212 3479 immunera
230 3427 351 3498 peccato
364 3419 490 3500 fuissent
503 3420 557 3500 pai
564 3420 657 3482 secuti
670 3429 737 3481 sunt
749 3425 812 3506 opi·
861 3426 934 3505 quia
952 3428 1076 3485 nonest
1091 3423 1124 3482 in
1139 3421 1233 3482 dubio
1248 3420 1302 3499 qui
1310 3417 1521 3498 probabilibus
1534 3417 1628 3478 ratio·

53 3510 152 3572 otonem
167 3511 269 3580 Arrii,
285 3511 464 3572 cthetorii.
477 3513 516 3572 Et
528 3512 711 3591 quibusdam
719 3515 813 3578 inter-
861 3517 954 3579 nibus
980 3515 1115 3576 flectitur
1137 3516 1176 3575 ad
1196 3530 1293 3574 unam
1316 3516 1454 3592 partem:
1474 3528 1531 3572 neo
1545 3510 1628 3589 quod

53 3602 169 3680 pontis:
198 3602 260 3679 (ini
282 3621 350 3684 erpo
375 3607 493 3666 assentit
520 3605 657 3686 opinioni
682 3606 813 3689 aiimjm
859 3607 1246 3671 incertumdimittendum
1260 3611 1316 3682 est,
1341 3609 1502 3666 etcertum
1522 3607 1630 3664 tenen-

53 3694 178 3773 liapistri
197 3702 302 3755 contra
321 3697 510 3777 manifestum
536 3696 705 3778 Scriptura
732 3703 811 3762 testi·
860 3701 954 3773 dum;
970 3697 1043 3777 quia
1060 3701 1146 3758 tenet
1169 3696 1228 3756 iste
1240 3707 1359 3755 oermm
1373 3693 1431 3753 sibi
1445 3691 1626 3760 moraliter,

51 3787 177 3862 monium,
200 3786 264 3846 sive
285 3796 384 3849 contra
403 3787 436 3849 id
472 3787 549 3870 puod
565 3788 812 3870 mitteremur
860 3809 931 3852 cum
945 3791 979 3851 in
1002 3788 1170 3849 moralibus
1195 3787 1327 3848 sufficiat
1346 3785 1495 3846 certitudo
1509 3801 1630 3864 expro-

50 3879 190 3940 oooondam
205 3877 352 3940 Ecclesiae
364 3879 654 3960 authoritateminon
668 3878 760 3963 potest
774 3887 811 3946 ab
860 3883 1023 3945 habilibus.
1061 3881 1133 3956 (iate
1161 3879 1266 3960 paullo>
1297 3877 1463 3938 distinctius
1496 3875 1628 3956 replicat

50 3972 147 4031 aroris
161 3971 234 4032 uitia
246 3973 389 4034 eaonsari.
407 3973 490 4034 Nihil
499 3975 582 4034 istud
596 3977 757 4037 sententiae
771 3979 808 4039 de
862 3975 944 4038 uerba
961 3973 1123 4053 serupulus
1136 3991 1202 4032 cum
1220 3971 1279 4032 ait:
1296 3969 1405 4049 Objicit
1417 3969 1538 4049 primo,
1555 3969 1628 4048 quis

50 4064 235 4142 quosgimus
253 4082 430 4144 repugnare
448 4065 521 4127 inde
541 4065 658 4145 liquido
679 4075 808 4146 constat,
858 4069 893 4128 in
907 4068 1008 4129 dubiis
1026 4067 1077 4128 via
1098 4066 1196 4126 tutior
1220 4070 1266 4124 est
1283 4061 1445 4142 eligenda:
1477 4061 1538 4122 Sed
1560 4062 1628 4122 dieo

49 4155 132 4232 quod,
148 4162 184 4215 ut
194 4156 263 4234 jam
277 4156 351 4218 inde
365 4157 502 4218 obinitio
517 4157 808 4238 animadvertimus,
860 4161 1031 4222 secundum
1052 4161 1196 4220 Doctores
1209 4157 1269 4218 hoo
1283 4173 1348 4218 esse
1365 4155 1544 4232 consilium,
1564 4173 1628 4216 non

77 4338 87 4387 i
111 4339 168 4388 ilino
190 4335 263 4389 rides.
278 4349 345 4400 man
372 4349 454 4386 cauom
469 4336 685 4403 caosttdumpbum
709 4340 809 4392 Cooaim
861 4355 915 4405 ergo
933 4340 960 4394 S.
976 4340 1093 4406 ll.,posse
1107 4338 1233 4405 quempiam
1259 4351 1304 4388 non
1322 4335 1433 4398 dubitare,
1451 4335 1492 4386 etsi
1505 4335 1630 4387 contraries

49 4413 73 4464 l.
86 4414 110 4464 t.
126 4427 183 4478 opp.
200 4412 233 4461 od
249 4411 294 4462 m.
321 4409 413 4462 Girist.
424 4426 452 4476 p.
468 4410 526 4470 tot,
553 4412 613 4476 quod
640 4413 722 4465 ibidem
750 4415 811 4467 dicat
863 4417 921 4467 inter
938 4415 1015 4467 eadem
1029 4415 1057 4465 do
1074 4414 1192 4480 opiniones
1205 4413 1359 4465 constitutum.

47 4489 177 4551 inpetens:
194 4499 227 4536 eo
252 4486 402 4536 oomoiontio
420 4490 502 4536 autem
529 4487 650 4552 obtipatur
671 4490 760 4555 aliquis
779 4492 811 4541 ort
895 4491 910 4540 t
935 4489 994 4548 ocio
1017 4503 1072 4554 ergo
1102 4489 1142 4554 (Τ.
1158 4490 1183 4538 t.
1199 4503 1237 4553 ep.
1252 4498 1311 4538 stu.
1324 4502 1349 4552 p.
1378 4491 1401 4537 et
1415 4484 1492 4552 seqq.)
1518 4487 1630 4540 declinat

43 4567 175 4626 montom.
190 4563 240 4612 otoo
254 4560 342 4611 trabem
363 4565 454 4611 emtam
470 4561 544 4624 fidem
568 4563 598 4613 de
621 4567 744 4616 contrario
757 4568 811 4630 aas
861 4565 979 4617 Pituanius
993 4569 1072 4617 contra
1085 4563 1195 4614 Theman
1213 4562 1323 4623 mahen,
1343 4561 1473 4622 Fiilueiun,
1487 4561 1627 4624 minanam,

46 4639 102 4700 onai
111 4639 161 4700 cpit
173 4653 182 4696 ‚·
197 4637 246 4686 rive
256 4635 342 4686 babeat
351 4637 490 4699 opinionem
499 4651 556 4686 cnm
564 4638 646 4703 atiquo
653 4640 809 4693 dubitatione.
862 4645 885 4693 et
897 4641 984 4701 Vivam,
995 4639 1087 4706 quadhi
1101 4639 1218 4690 recitatum
1230 4638 1256 4690 S.
1267 4638 1361 4689 ‘iliona
1370 4636 1446 4690 locun
1455 4637 1628 4703 corrupissent?

45 4712 79 4761 Ait
91 4713 113 4762 in
126 4713 176 4762 imo
187 4709 214 4762 S.
232 4711 326 4762 'thoma
340 4710 409 4762 verba
423 4711 448 4761 F.
464 4711 561 4763 Daniel:
577 4713 629 4764 iao
639 4715 692 4765 sota
701 4717 812 4768 doctrino
861 4715 971 4766 l'iilucios
985 4718 1054 4776 certa
1065 4718 1088 4765 et
1100 4713 1235 4765 tilmannus
1244 4712 1319 4764 loouno
1329 4713 1438 4774 indicant,
1449 4725 1494 4764 noo
1507 4712 1627 4764 adierunt:

44 4787 71 4836 ot
83 4788 140 4838 imis
148 4787 262 4837 convellit
275 4785 481 4837 Probabitiomam
492 4787 624 4842 radicibus.
635 4789 701 4842 Curi
716 4793 812 4856 qumodo
861 4804 929 4856 porro
946 4790 973 4842 S.
1002 4790 1111 4841 Tironem
1129 4789 1178 4854 ipso
1200 4788 1244 4840 hoo
1270 4788 1293 4839 iu
1307 4789 1358 4839 ioco
1372 4787 1528 4840 Probabilistis
1554 4787 1629 4839 terere

45 4863 107 4912 onim
126 4859 289 4912 Probabilisto
314 4860 423 4911 adiacet
447 4863 557 4926 opinioni
575 4865 659 4915 minae
681 4867 809 4930 probabili,
862 4881 929 4917 nemo
948 4879 991 4917 non
1007 4866 1083 4926 ridet;
1112 4869 1230 4931 potuerant
1247 4878 1301 4929 ergo
1323 4863 1346 4914 hi
1360 4863 1422 4915 nullo
1444 4863 1522 4914 traude
1535 4864 1563 4915 sd
1577 4877 1628 4916 eum

42 4936 113 4987 dotia
124 4936 213 5000 proood
229 4935 299 4986 latet
311 4936 452 5000 opinionem
465 4937 495 4987 de
508 4941 633 4990 cantaria
659 4955 715 4992 cum
729 4943 812 5007 utiquc
861 4943 937 4993 locam
950 4941 1056 4992 lectores
1075 4953 1129 4991 suos
1151 4939 1280 4991 amandare.
1299 4939 1401 4992 Seucboz
1418 4953 1471 4990 vero
1491 4939 1522 4990 eit
1539 4939 1629 5004 quidun

45 5011 201 5061 montona
227 5009 319 5060 liinime
346 5011 462 5073 aenium,
490 5012 568 5064 Frater
597 5013 693 5076 barich
725 5019 812 5068 sororia
861 5017 951 5068 disertis
965 5016 1047 5077 uerbis,
1069 5016 1152 5067 docere
1165 5015 1195 5066 ibi
1219 5015 1245 5067 S.
1264 5015 1394 5076 Ductorem,
1409 5029 1475 5081 posse
1501 5014 1628 5080 quempiam

46 5085 121 5136 isthec
136 5089 176 5134 tua
187 5088 255 5136 sant:
284 5083 434 5137 Probabilisto
450 5100 496 5138 non
511 5086 605 5150 dubitat,
625 5091 679 5154 quia
698 5095 746 5141 tuto
759 5094 812 5158 opi·
862 5093 919 5144 citra
941 5091 1029 5157 culpan
1043 5091 1078 5142 sui
1101 5091 1201 5155 Magistri
1215 5091 1347 5142 maeotim
1361 5092 1425 5156 sequi
1439 5091 1460 5141 in
1482 5089 1520 5150 iis,
1536 5103 1586 5154 que
1600 5088 1629 5139 od

45 5161 133 5212 cionem
148 5159 206 5210 bauo
223 5159 258 5210 rel
274 5159 336 5210 illan
350 5161 413 5225 sequi
427 5162 506 5226 possit,
522 5175 551 5212 ae
565 5163 634 5214 ullum
655 5164 764 5229 invenies,
781 5169 812 5219 mi
862 5181 937 5218 nores
964 5171 1074 5232 spectant,
1103 5181 1181 5218 rerum
1203 5181 1232 5218 no
1249 5166 1298 5231 ipse
1311 5166 1400 5231 quidem
1418 5164 1628 5230 expresso'ihoom

46 5234 112 5292 bure,
133 5238 252 5286 marton
269 5235 328 5286 inter
343 5234 514 5300 Probabilistas,
530 5238 568 5302 qui
591 5239 658 5304 petite
672 5241 735 5305 prius
748 5241 812 5294 resin
861 5243 930 5294 rerba
943 5243 1012 5294 citare
1026 5257 1050 5294 se
1064 5241 1176 5304 edtirmat,
1190 5248 1215 5292 ut
1238 5242 1356 5293 Patroclus
1378 5241 1470 5302 indicet,
1492 5239 1532 5290 sed
1554 5239 1629 5304 potitis

46 5307 121 5360 idtibi
136 5309 230 5360 rotunde
243 5323 287 5360 noo
305 5317 381 5374 negat.
392 5311 420 5360 lit
434 5325 489 5362 vero
507 5327 559 5364 cun
573 5314 704 5379 opinionum
718 5323 813 5370 contra·
861 5319 980 5369 vorborum
994 5331 1084 5370 sensum
1099 5317 1188 5378 reddit;
1204 5329 1272 5381 porro
1285 5317 1406 5381 genuinum
1420 5329 1469 5368 osse
1482 5329 1549 5379 quem
1567 5315 1628 5366 Sm-

47 5385 123 5435 nean
135 5387 196 5434 storo
209 5397 274 5448 posse
287 5385 431 5438 dubitationis
444 5388 517 5438 omnis
530 5389 642 5440 detectum
658 5391 724 5443 docet
736 5392 810 5444 diser·
862 5393 915 5444 aber
925 5393 970 5444 iilis
982 5391 1060 5443 tribuit
1074 5405 1175 5454 sensum
1190 5392 1309 5443 montesio
1323 5393 1393 5444 rides
1409 5392 1455 5444 Sed
1468 5391 1497 5441 de
1511 5394 1585 5440 mento
1599 5389 1626 5441 S.

48 5457 76 5508 tis
89 5457 166 5508 corbis
182 5458 225 5510 boo
236 5459 284 5523 ipro
292 5459 343 5512 loco
356 5461 552 5526 lacedaemoni,
568 5465 650 5530 inquit,
663 5480 698 5517 ea
710 5472 811 5519 conta·
861 5469 953 5520 Thana
967 5468 1045 5519 contar
1053 5467 1162 5520 Teriliun
1175 5470 1254 5533 quast.
1270 5477 1362 5519 xxviii.

47 5533 92 5582 riis
104 5532 260 5596 opinionibus
270 5534 295 5584 in
304 5535 396 5586 nullam
405 5536 577 5590 dubitationem
586 5540 717 5592 maccam
727 5543 812 5602 munit
