3938 6338
317 394 376 454 282
974 398 1085 464 LIBER
1107 399 1250 466 PRIMUS

317 577 487 640 asserrsum,
510 566 559 626 vel
581 567 765 644 dissensum,
786 573 891 630 umen
904 568 953 631 vel
966 571 1085 631 ratione
1136 569 1202 630 dies
1214 569 1331 630 festus:
1358 569 1442 630 aliud
1465 569 1648 648 practieum,
1667 569 1748 647 qnod
1760 574 1874 629 reinna

317 652 484 716 voluntatis
506 659 639 719 nolentis
659 660 811 740 applicare
833 662 1017 738 intellectus,
1036 663 1087 723 rel
1136 663 1214 722 circa
1228 680 1296 722 rem
1308 661 1448 723 allectam
1460 663 1606 724 omnibus
1617 659 1844 734 circumstantiis,
1853 667 1875 722 et
1890 657 1914 714 li
1959 685 1960 694 ¹

318 745 453 812 aliunde.
478 748 523 825 fic,
547 757 582 811 nt
595 753 716 814 nullum
727 754 880 832 judicium
894 761 1039 834 ponatur,
1056 762 1087 816 et
1135 755 1168 814 in
1178 755 1266 834 praxi
1278 755 1492 829 exercendam,
1504 755 1569 815 sive
1582 754 1665 834 quod
1679 753 1877 814 versatureina
1958 829 1960 846 ⁴

317 843 386 897 tum
409 840 522 902 dicitur
546 844 678 905 dubium
705 847 892 926 positivum,
922 865 977 926 per
1003 847 1086 926 qnod
1135 864 1213 922 rem,
1229 851 1323 926 prout
1336 864 1386 907 me
1398 847 1459 923 hic,
1471 851 1502 908 et
1514 865 1599 908 nunc
1611 851 1753 926 agentem
1762 845 1875 926 respicit:

318 929 492 994 intellectus
508 942 613 996 manet
628 938 661 998 in
682 938 853 1016 aequilibrio
867 939 907 998 ad
921 946 1086 1018 utramque
1136 939 1219 1018 quod
1240 943 1352 1000 iterum
1376 939 1491 1019 duplex
1513 945 1569 1016 est,
1593 956 1695 1000 unum
1708 937 1879 1017 generatae

317 1027 450 1100 partem,
479 1032 515 1086 nt
544 1028 633 1104 libra,
662 1031 787 1108 quando
814 1031 900 1110 paria
930 1032 1087 1111 utrimque
1136 1032 1334 1108 abstractum,
1357 1032 1483 1111 quando
1502 1031 1674 1110 generatim
1693 1029 1877 1101 dubitatur.

317 1117 454 1195 pondera
477 1118 581 1196 habet,
604 1123 643 1182 ad
657 1128 801 1183 neutram
816 1140 848 1183 se
862 1129 982 1202 partem
997 1124 1086 1184 incli-
1136 1143 1166 1203 g.
1183 1143 1225 1184 an
1239 1124 1330 1185 liceat
1343 1124 1392 1185 die
1401 1123 1489 1198 festo,
1500 1123 1594 1184 talem
1606 1123 1878 1199 laboremexerrere,
1958 1119 1960 1160 l

1957 947 1960 996 1

1958 1171 1960 1222 1

317 1215 381 1282 nat,
399 1210 451 1270 sed
464 1219 570 1273 manet
592 1213 625 1273 in
644 1215 756 1287 medio,
776 1216 917 1294 quamvis
930 1217 1087 1295 utrimque
1138 1221 1169 1276 ct
1194 1215 1254 1276 hoc
1280 1216 1373 1294 aliqui
1402 1214 1597 1277 confundunt
1615 1233 1687 1276 cum
1708 1213 1879 1294 speculativo,
1958 1225 1960 1240 ¹

317 1302 439 1380 pondus
450 1303 563 1365 habeut
571 1306 726 1368 sufficiens
735 1308 773 1369 ad
784 1325 853 1368 cam
863 1309 1085 1384 inclinandam,
1137 1327 1206 1368 enm
1224 1307 1336 1386 quibus
1348 1308 1441 1368 etiam
1454 1314 1562 1388 postea
1575 1308 1740 1387 loquemur
1752 1325 1760 1382 ;
1772 1305 1881 1366 alterum

318 1394 343 1452 si
357 1395 479 1472 pondus
493 1400 669 1477 oppositum
682 1399 811 1473 abesset,
822 1401 871 1461 vel
884 1403 951 1480 ipsa
963 1402 1088 1462 abunde
1138 1407 1183 1461 est
1203 1401 1326 1479 proprie
1346 1401 1527 1480 practicam,
1545 1399 1669 1480 quando
1684 1399 1717 1459 in
1731 1397 1882 1478 particulari

319 1503 356 1546 ex
377 1505 441 1547 una
462 1495 548 1567 parte
570 1493 669 1570 magis
682 1493 903 1571 impelleretur.
921 1495 1019 1555 Porro
1034 1493 1088 1554 ubi
1138 1493 1308 1565 dubitatur,
1333 1511 1364 1552 v.
1390 1511 1420 1571 g.
1445 1511 1485 1552 an
1514 1491 1574 1565 bie,
1600 1497 1631 1554 et
1657 1509 1743 1552 nunc
1765 1491 1810 1552 die
1823 1489 1882 1550 festo

318 1578 449 1640 dubium
477 1582 633 1661 utrimque
659 1585 827 1662 positivum
852 1586 948 1661 adest,
975 1587 1089 1646 retlexe
1138 1586 1253 1664 possim
1267 1585 1511 1646 talemlaborem
1525 1603 1677 1646 exercere.

254 1664 293 1723 7⁹2
314 1671 449 1748 judicari
469 1680 579 1751 potest,
600 1676 684 1755 qnod
698 1678 778 1737 circa
791 1683 955 1756 utramque
970 1685 1089 1756 partem
1178 1678 1205 1756 §.
1224 1681 1253 1738 Ι1.
1270 1679 1310 1739 Ut
1322 1679 1391 1756 quis
1404 1678 1524 1739 dicatur
1532 1695 1623 1756 agere
1634 1695 1707 1737 eum
1717 1675 1883 1754 dnhioprac·
1900 1691 1923 1748 pp
1958 1689 1960 1756 p

319 1764 380 1823 sint
402 1765 518 1825 motiva
541 1766 579 1827 de
603 1785 634 1828 se
660 1767 841 1830 sufficientia
864 1789 920 1849 pro
943 1771 1089 1849 opinione
1138 1769 1209 1845 tico,
1224 1771 1287 1831 sire
1301 1788 1373 1830 cum
1389 1769 1577 1831 conscientia
1595 1769 1700 1844 dubia,
1724 1768 1808 1830 Salus
1820 1767 1884 1846 apud

1958 1757 1960 1858 1

320 1855 472 1933 probabili
495 1857 657 1920 formanda
678 1862 716 1921 de
735 1863 875 1940 singulis,
890 1863 936 1922 nti
950 1863 1090 1943 pluribus
1139 1862 1229 1922 Bardi
1252 1861 1322 1922 diac.
1352 1865 1382 1923 5.
1405 1881 1429 1924 c.
1453 1864 1481 1924 1.
1506 1882 1537 1924 ιι.
1561 1864 1589 1924 2.
1614 1862 1745 1941 requirit
1756 1860 1885 1940 judicium
1958 1863 1960 1944 1

319 1948 441 2008 dicetur
456 1967 473 2009 a
488 1968 569 2011 num.
586 1953 655 2028 237,
677 1953 1089 2016 hictamenaetusretlexus
1139 1954 1264 2034 aliquod
1285 1955 1447 2023 reflexum.
1471 1973 1532 2034 quo
1554 1958 1720 2034 eognoscat
1739 1971 1770 2013 sc
1793 1951 1885 2012 habere

321 2047 453 2101 nonest
477 2042 619 2120 dubium,
644 2047 698 2106 sed
724 2053 824 2126 potest
849 2066 914 2108 esse
936 2055 1036 2109 certus
1054 2069 1090 2110 ac
1139 2047 1223 2106 illam
1258 2049 1356 2126 ipsam
1391 2047 1626 2127 suspensionem
1659 2045 1848 2119 intellectus;
1874 2062 1887 2104 e

320 2133 456 2209 evidens,
470 2143 671 2216 versaturque
685 2139 767 2201 circa
784 2141 926 2216 dubium,
940 2147 1087 2221 tanquam
1139 2145 1247 2198 contra
1260 2141 1353 2218 Vasq.
1363 2141 1452 2200 Card.
1468 2141 1502 2200 in
1516 2141 1544 2200 1.
1559 2138 1632 2201 crisi
1643 2139 1674 2199 d.
1691 2139 1741 2199 78.
1757 2157 1818 2219 cop.
1830 2139 1888 2196 det

1955 2063 1960 2198 Ι

320 2225 592 2302 objectumsunm.
1140 2230 1254 2292 Schild.
1280 2238 1318 2292 tr.
1344 2235 1373 2292 3.
1400 2250 1481 2292 uum.
1510 2236 1539 2292 1.
1563 2237 1681 2310 negant
1704 2232 1764 2291 hoc
1781 2229 1886 2308 requiri,
1958 2221 1960 2300 ἕ

256 2321 294 2380 73
359 2318 387 2395 5.
404 2322 434 2378 5.
452 2319 485 2380 Si
499 2321 1090 2402 dubiumnegativumhmdeturinsola
1139 2324 1282 2402 quamvis
1307 2324 1391 2384 enim
1416 2322 1507 2398 absit,
1529 2323 1629 2384 adhuc
1644 2329 1790 2403 operatur
1801 2327 1889 2382 centn

321 2410 532 2490 possibilitate,
545 2415 589 2475 nti
604 2416 630 2476 si
644 2416 793 2492 dubitem,
805 2437 845 2478 an
857 2419 1021 2480 occiderim
1034 2422 1089 2482 ali·
1139 2415 1371 2488 conscientiam,
1395 2416 1455 2477 hoc
1472 2416 1551 2496 ipso,
1577 2415 1662 2494 quod
1685 2421 1825 2496 operetrn
1839 2433 1888 2474 nou

320 2519 425 2580 quem,
441 2505 514 2583 qnia
527 2507 614 2585 potui
637 2509 792 2582 occidisse,
815 2511 874 2571 hoe
896 2511 1027 2572 dublum
1045 2519 1091 2574 est
1139 2507 1257 2569 habens
1290 2508 1443 2568 dictamen
1477 2509 1648 2588 practicam
1682 2508 1723 2568 de
1753 2507 1889 2567 honestate

321 2595 579 2676 hletuphysicum,
609 2607 640 2660 et
664 2601 865 2680 imprudens3
895 2621 912 2664 e
940 2609 1047 2666 contra
1065 2606 1090 2667 si
1139 2601 1347 2679 operationis,
1363 2605 1495 2679 utraque
1509 2601 1663 2660 sententie
1680 2599 1760 2661 forte
1773 2597 1891 2660 matilia
1956 2618 1958 2634 ι

320 2685 466 2749 tundetur
479 2691 511 2750 in
525 2690 630 2772 aliqua
641 2693 771 2766 ratione,
784 2695 838 2755 sed
851 2695 889 2755 de
902 2714 933 2757 se
948 2715 1012 2757 non
1026 2698 1089 2758 suf·
1139 2693 1234 2768 bitur,
1250 2693 1390 2767 dicendo,
1407 2694 1548 2772 quamvis
1566 2693 1771 2754 determinate
1784 2709 1842 2752 nou
1855 2707 1891 2750 rc·

320 2778 441 2841 ficiente
465 2783 505 2843 ad
528 2802 707 2859 assensum,
733 2787 782 2848 rel
807 2786 996 2864 dissensum,
1026 2809 1090 2850 non
1140 2787 1281 2864 quiratur
1299 2785 1463 2864 judicium,
1490 2789 1595 2845 tamen
1620 2790 1657 2845 ut
1677 2788 1817 2864 peccetur
1832 2800 1891 2861 ope·

320 2875 444 2952 proprie
462 2874 575 2936 dicitnr
595 2877 727 2938 dubium
741 2879 877 2939 morale:
894 2885 1004 2958 putant
1017 2881 1089 2960 qui·
1137 2877 1236 2938 rande
1250 2895 1320 2937 eum
1340 2878 1528 2938 conscientia
1547 2877 1656 2952 dubia,
1675 2877 1792 2956 requiri
1803 2875 1891 2936 saltem

320 2968 393 3027 dem
416 2967 547 3028 Cardeu.
572 2988 603 3030 n.
626 2971 695 3030 115.
723 2977 754 3031 et
773 2971 867 3033 Teril.
890 2989 920 3032 o.
947 2975 976 3034 Ι1.
997 2991 1090 3035 omne
1139 2971 1304 3031 exercitam
1328 2971 1537 3046 cognitionem
1572 2969 1701 3030 malitiae
1729 2965 1892 3048 operationis

321 3058 451 3120 dubium
469 3060 649 3138 negativum
671 3079 724 3140 per
741 3063 800 3123 hoe
814 3063 961 3142 distingui
976 3083 994 3124 a
1008 3067 1089 3145 posi·
1139 3081 1210 3125 cnm
1224 3062 1277 3122 tali
1297 3061 1392 3122 dubio
1407 3061 1493 3122 inette
1515 3061 1571 3144 (uti
1584 3061 1749 3139 colligetur
1763 3079 1799 3122 ex
1811 3059 1892 3121 dicen·

320 3153 403 3226 tivo;
420 3153 502 3231 quod
510 3152 542 3212 in
552 3153 694 3232 negativo
709 3155 794 3214 nulla
806 3159 1089 3220 occurrantmotira
1139 3156 1185 3216 dis
1200 3154 1251 3216 tit.
1268 3157 1299 3216 o.
1311 3174 1328 3214 u
1339 3173 1421 3214 uum.
1440 3153 1501 3234 aa]
1515 3173 1611 3233 quam
1624 3155 1758 3216 Carden.
1770 3173 1842 3213 num.
1853 3153 1890 3210 tl.

320 3245 534 3325 proalterntra
548 3251 645 3324 parte,
666 3246 700 3305 in
713 3248 843 3325 positiro
860 3253 964 3309 autem
978 3269 1089 3311 oeenr-
1139 3247 1212 3307 dicit
1239 3252 1323 3306 certo
1343 3245 1464 3318 haberi,
1494 3247 1554 3307 hoe
1582 3246 1649 3326 ipso
1671 3247 1757 3325 qnod
1771 3251 1894 3326 operetur
1957 3279 1959 3294 .

320 3343 392 3397 rant
405 3336 513 3396 saltem
533 3355 589 3415 pro
602 3337 759 3414 alterutra,
780 3339 832 3399 sed
847 3347 894 3401 est
908 3344 1037 3419 questio
1053 3344 1091 3404 de
1140 3355 1212 3400 cnm
1226 3339 1418 3399 dubitatione
1436 3339 1475 3398 de
1494 3337 1611 3399 malitia
1625 3339 1823 3418 operationis,
1838 3337 1893 3416 quir

320 3429 464 3504 nomine;
481 3429 603 3488 sienim
617 3429 703 3490 nulla
713 3433 925 3509 prorsusratio
937 3443 1088 3512 occurrat,
1140 3431 1179 3491 ad
1191 3431 1416 3492 dubitationem
1439 3430 1525 3492 illam
1549 3431 1752 3510 subsequitur
1765 3431 1894 3502 timonet

1958 2305 1960 2398 t

1957 2441 1960 2558 t

1958 2569 1960 2606 l

1955 2987 1960 3144 1

1955 3149 1959 3278 ⁴

1955 3471 1959 3498 t

320 3527 367 3584 est
380 3521 482 3602 potius
494 3538 580 3581 mere
591 3523 769 3596 nescientia,
787 3525 832 3583 uti
841 3524 952 3586 docent
963 3527 1088 3588 Elizald.
1139 3524 1211 3601 fuga
1226 3521 1311 3598 mali,
1332 3539 1406 3602 ergo
1430 3521 1618 3584 sufficienter
1631 3523 1773 3602 agnoscit
1784 3521 1893 3582 malum.
1957 3509 1959 3580 Ξ

322 3613 375 3677 ab.
402 3617 432 3676 1.
457 3633 487 3695 q.
513 3616 542 3674 3.
569 3613 597 3692 5.
620 3615 650 3674 e.
673 3621 704 3675 et
718 3617 842 3676 Gonzal.
857 3615 929 3678 dr'et.
945 3623 975 3678 ’1.
991 3637 1021 3678 ιι.
1038 3621 1088 3680 ar.
1140 3615 1204 3677 Nee
1223 3615 1326 3692 adstat,
1346 3615 1429 3694 quod
1448 3614 1488 3675 ad
1510 3615 1641 3676 mortale
1664 3616 1838 3695 requiratur
1856 3611 1896 3672 ad·

320 3725 454 3788 quorum
477 3707 555 3767 ratio
573 3705 640 3767 haeo
661 3712 718 3780 est,
741 3709 814 3786 qnia
828 3709 867 3769 ad
880 3709 1010 3771 dubium
1024 3729 1091 3772 mo-
1139 3708 1291 3768 vertentia
1317 3707 1410 3787 plena
1434 3707 1573 3783 malitiae,
1603 3707 1650 3767 nti
1673 3707 1798 3769 dicetur
1813 3703 1859 3768 tit.
1872 3707 1895 3764 3.

320 3802 383 3862 rule
396 3800 576 3879 requiritur,
593 3805 628 3859 nt
641 3799 814 3860 intellectus
827 3801 957 3874 vacillet,
967 3804 1000 3862 in
1010 3803 1091 3866 bane
1140 3819 1221 3864 num.
1236 3803 1306 3876 atti,
1325 3817 1399 3859 nam
1413 3799 1480 3860 haec
1493 3799 1598 3860 adesse
1612 3805 1717 3879 potest
1731 3819 1770 3861 cx
1787 3799 1816 3859 ri
1827 3795 1897 3860 dubii

1956 3641 1958 3688 i

320 3899 439 3972 partem
461 3893 611 3969 trahetur,
637 3897 668 3952 ct
689 3893 864 3954 retrahatur
879 3894 912 3954 in
930 3894 1092 3960 aliamaut
1140 3893 1275 3972 practici,
1301 3891 1389 3952 sicuti
1413 3889 1617 3952 sufficientem
1635 3888 1897 3954 advertentiamad
1957 3923 1958 3954 ;

320 3987 539 4064 interrogatus,
568 4001 624 4044 eur
651 3983 789 4057 dubitet,
818 3984 955 4065 aliquam
983 3988 1091 4050 saltem
1140 3991 1367 4046 nocumentum
1383 3985 1495 4044 veneni
1517 3983 1611 4045 habet
1634 3984 1699 4057 ille,
1717 3986 1772 4065 qui
1785 3983 1897 4065 practice

320 4095 446 4138 cansam
473 4077 547 4138 dare
573 4075 678 4154 possit,
706 4075 839 4155 deniqne
865 4083 899 4138 ut
921 4078 1091 4142 dubitando
1141 4078 1271 4152 dubitat,
1299 4095 1339 4136 an
1355 4076 1426 4153 hoc,
1444 4077 1529 4156 quod
1544 4076 1638 4142 videt,
1659 4079 1700 4138 sit
1719 4089 1850 4157 serpens,
1867 4091 1899 4134 an
1956 4141 1957 4144 Ἴ

320 4171 482 4232 veritatem
496 4169 667 4242 desideret3
682 4167 750 4228 haec
762 4174 868 4230 autem
884 4187 949 4231 non
969 4172 1092 4233 videtur
1141 4170 1242 4248 piscis.
1263 4169 1356 4229 Addit
1379 4187 1470 4239 num„
1485 4169 1536 4229 22.
1561 4169 1726 4247 probabile
1742 4187 1816 4246 esse,
1831 4165 1899 4248 quod

320 4263 442 4338 salvari,
467 4263 492 4322 si
510 4261 633 4322 nullum
654 4260 745 4339 plane
759 4261 912 4322 motivum
929 4271 1089 4327 occurrat:
1141 4279 1264 4340 semper
1285 4261 1413 4322 resultet
1433 4261 1560 4339 aliquod
1572 4261 1731 4338 judicium
1751 4263 1897 4333 directum,

321 4359 376 4435 qui
389 4361 495 4416 tamen
513 4354 602 4414 aliter
614 4353 700 4432 loqui
714 4353 805 4428 volet,
824 4359 854 4414 et
871 4353 910 4414 ad
924 4371 1017 4415 omne
1030 4355 1090 4416 du-
1140 4355 1189 4414 vel
1212 4353 1375 4420 reflexum,
1393 4371 1465 4414 cum
1483 4354 1568 4414 enim
1590 4355 1734 4416 advertat
1754 4353 1898 4426 malitiam,

321 4449 409 4509 binm
430 4446 609 4526 negativum
629 4445 787 4524 requirere
808 4447 976 4506 carentiam
991 4449 1092 4510 omnis
1141 4447 1248 4507 lumen
1263 4447 1404 4506 naturale
1418 4446 1521 4505 statim
1531 4446 1760 4508 dictatmalum
1774 4460 1899 4507 essecern

321 4541 441 4615 metiri,
454 4540 536 4617 legat
548 4538 640 4597 Teril.
654 4537 753 4616 quiid
767 4537 847 4597 bene
862 4537 1008 4600 defendit.
1140 4557 1205 4600 non
1219 4539 1339 4616 timere,
1361 4543 1392 4598 et
1405 4554 1470 4598 non
1488 4535 1605 4616 fugere,
1628 4542 1659 4599 et
1672 4538 1717 4600 sic
1730 4537 1848 4600 defendi
1858 4553 1900 4615 pe

257 4648 297 4706 τι,
361 4634 388 4712 5.
412 4635 442 4693 e.
467 4630 601 4692 Dubium
622 4629 707 4690 aliud
730 4636 776 4689 est
792 4629 881 4707 jun's,
902 4631 1088 4694 abudlacti:
1140 4638 1199 4692 test
1215 4631 1311 4691 Salus.

317 4725 397 4804 juris
411 4729 466 4794 est,
482 4721 819 4803 quandodubitatnrde
833 4722 900 4802 lege
914 4724 1028 4802 abque,
1042 4724 1092 4785 rel
1182 4724 1218 4798 Q.
1236 4725 1284 4784 lh.
1310 4719 1456 4799 Quomodo
1477 4715 1611 4783 deleme
1631 4721 1737 4786 netem
1749 4741 1779 4784 ae
1788 4719 1900 4804 pendae
1922 4735 1950 4798 pp

321 4819 358 4878 de
373 4815 561 4894 obligatione
571 4814 658 4892 legis,
672 4818 726 4874 ant
740 4815 980 4892 consuetudinis,
996 4815 1091 4876 velde
1141 4817 1293 4892 resoluere,
1308 4823 1464 4895 arctaquom
1476 4813 1635 4894 operetur?
1648 4817 1746 4896 Resp.

320 4909 424 4970 valore
436 4911 532 4982 actus,
548 4907 650 4984 inquit
663 4908 743 4966 Stoz.
761 4905 781 4967 l.
799 4909 827 4967 1.
842 4925 910 4987 por.
927 4909 956 4966 5.
973 4925 1004 4967 ιι.
1020 4909 1088 4968 tna.
1180 4907 1208 4986 ᾖ.
1236 4911 1265 4968 1.
1290 4907 1336 4968 Ad
1351 4907 1422 4981 hoc,
1439 4911 1474 4965 nt
1492 4923 1523 4967 se
1542 4907 1715 4985 prudenter
1729 4907 1835 4983 solvat,
1848 4904 1899 4966 duo
1954 4897 1955 4902 ’

321 5002 404 5063 Facti
419 5005 474 5075 est,
498 4999 524 5060 si
544 4998 702 5059 dubitetur
715 4999 754 5058 de
768 4998 840 5072 alio,
857 4999 999 5078 quamde
1013 4999 1089 5077 istis,
1141 4999 1354 5078 requiruntur.
1378 5003 1406 5060 1.
1427 4999 1566 5058 Dubium
1580 4999 1819 5077 speculativum,
1829 4995 1899 5077 qnod

320 5113 351 5155 r.
364 5113 395 5172 g.
412 5112 453 5154 an
466 5092 668 5153 homicidium
681 5091 858 5168 sitfaetum,
880 5109 921 5151 an
934 5093 1090 5171 operando
1140 5090 1244 5156 habet,
1266 5090 1357 5152 debet
1377 5109 1441 5151 esse
1468 5089 1658 5166 invincibile,
1681 5091 1774 5168 idest,
1793 5089 1858 5164 tale,
1871 5089 1899 5147 nt

256 5191 295 5250 75
319 5187 525 5248 intentionem
539 5189 656 5246 rectam
668 5182 831 5244 habuerim
843 5189 900 5245 etc.
918 5184 1090 5263 Utrumque
1140 5183 1276 5242 adbibita
1286 5181 1399 5257 debito,
1416 5187 1447 5243 et
1456 5199 1512 5260 pro
1523 5182 1700 5242 conditione
1712 5199 1856 5262 persone,
1869 5195 1898 5238 ac

320 5281 379 5342 hoc
400 5279 532 5340 dubium
559 5276 643 5338 alind
669 5285 714 5336 est
747 5276 980 5355 speculativum,
1007 5275 1091 5356 qnod
1141 5270 1897 5353 circumstantiarummoraliterpossibilidihgenda

319 5378 460 5432 versatur
479 5371 559 5431 circa
582 5387 649 5430 rom
669 5369 840 5430 secundum
861 5388 892 5430 se
910 5373 1087 5448 spectatam,
1141 5367 1174 5427 in
1188 5367 1373 5447 inquirenda
1395 5366 1537 5442 veritate,
1559 5365 1768 5429 nihilominus
1784 5366 1896 5428 dubium

320 5463 553 5541 praescindendo
576 5481 595 5523 a
617 5461 864 5534 circumstantiis,
881 5461 964 5523 etab
982 5479 1090 5540 opera·
1141 5465 1334 5539 perseveret:
1363 5461 1394 5521 Ξ.
1422 5459 1518 5520 Debet
1543 5459 1649 5520 adesse
1678 5479 1788 5522 caussa
1810 5458 1895 5534 etan

321 5553 407 5614 tione
425 5554 608 5628 exercenda,
630 5559 667 5615 nt
688 5553 713 5616 si
736 5553 872 5630 dubites,
897 5555 975 5614 sitne
1000 5553 1091 5613 hodie
1141 5551 1333 5614 rationabilis
1361 5567 1489 5614 movens
1515 5551 1554 5612 ad
1578 5551 1756 5632 eligendam
1786 5552 1894 5612 alteram
