3944 6350
726 385 776 446 DE
796 383 969 448 LEGIBUS.
1584 387 1640 448 lai

75 555 173 628 potest,
187 549 236 610 vel
249 567 315 612 non
327 554 452 612 eneae
465 549 552 624 scire,
567 555 636 612 tum
663 549 749 612 enim
761 567 827 612 non
876 549 1031 612 inordina
1052 554 1093 616 ad
1106 553 1354 633 cognoscendum
1377 572 1497 624 verum,
1513 555 1644 636 ideoque

74 649 113 704 est
128 642 330 722 imputabilis,
354 643 428 722 qnia
456 661 526 704 eam
543 643 695 704 babemus
708 647 827 704 antece·
877 643 970 706 etiam
988 643 1105 707 facilius
1119 647 1388 708 csteumedocerc
1401 647 1573 724 veritatem,
1590 645 1644 728 qui

73 735 221 796 deuterad
234 741 337 798 actum
359 735 511 796 voluntati
535 742 648 797 nostrae
661 735 827 814 imputabi-
875 753 955 815 pure
981 737 1115 816 ignorat,
1137 757 1232 820 quam
1259 739 1313 819 qui
1341 739 1435 800 sirnul
1454 751 1537 802 errat
1562 739 1645 802 circa

71 826 135 888 lem.
151 828 179 890 l.
211 829 286 890 Hae
312 828 489 907 ignorantia
506 847 696 909 consequens
709 827 828 888 aliaest
877 845 957 906 eam,
979 830 1052 909 quia
1071 831 1242 893 intellectus
1263 851 1328 894 nou
1345 832 1433 894 laede
1447 833 1586 912 agnoscit
1611 851 1644 896 se

71 918 209 996 adecmm
225 939 296 1000 quae
309 920 425 982 directe
441 926 488 982 est
509 920 616 998 volita,
633 927 666 983 et
686 921 825 1001 quaesita,
876 939 990 998 errare,
1019 930 1051 985 et
1062 924 1215 986 difficilius
1235 925 1350 987 recedit
1367 926 1469 1002 abeo,
1485 925 1536 988 cui
1549 923 1644 990 semel

71 1011 247 1074 adhabetS.
259 1012 370 1074 Tbom.
382 1033 411 1094 q.
423 1017 454 1075 6.
465 1021 524 1076 art.
539 1017 568 1078 8.
586 1013 719 1093 exempli
729 1013 828 1092 gratia
876 1012 1017 1078 adlraesit.

69 1103 347 1184 sietemploexcaa,
362 1124 403 1168 na
425 1105 532 1167 audias
544 1105 826 1186 promulgarijeju·
916 1105 1645 1192 §.l.Errorcstquandoquemelior,quamigno-
1668 1109 1729 1168 “los

69 1196 149 1258 nium
164 1217 170 1258 :
184 1197 246 1258 alia
256 1197 398 1278 simplex,
427 1217 522 1280 quam
543 1198 611 1280 quis
624 1197 739 1260 directe
762 1215 827 1260 non
875 1200 987 1278 rande,
1011 1202 1055 1264 sic
1068 1203 1266 1266 Titiomelius
1280 1210 1336 1281 est,
1349 1205 1375 1264 si
1388 1205 1647 1285 erroneeuadicet

70 1290 180 1368 quaerit,
194 1295 331 1352 attamen
354 1290 459 1368 babet,
486 1291 560 1370 quia
586 1290 715 1370 negligit
726 1290 828 1370 inqui·
868 1291 1200 1374 ,Cajumessepatrem
1222 1315 1326 1374 suum,
1349 1298 1483 1376 quamsi
1496 1298 1528 1359 id
1555 1299 1644 1378 igno·

69 1399 139 1457 rere,
157 1388 193 1443 ut
219 1383 304 1460 sciat,
332 1390 364 1444 et
383 1384 454 1446 ideo
468 1390 514 1446 cst
544 1383 691 1444 indirecte
705 1388 828 1444 tantum
876 1386 959 1441 reret
970 1402 977 1456 ;
990 1381 1057 1460 jam
1070 1385 1154 1446 enim
1167 1385 1408 1466 probarepotest
1419 1405 1451 1448 se
1468 1405 1532 1450 esse
1544 1387 1645 1448 civili-

70 1473 243 1552 voluntaria,
259 1481 420 1556 potestque
430 1494 495 1538 esse
502 1476 623 1556 supina,
637 1481 667 1537 et
680 1493 789 1548 crassa,
802 1473 829 1536 si
876 1473 1116 1553 terlegitimum,
1127 1477 1541 1548 lrabetabeoeducationem
1551 1479 1646 1541 direc-

69 1565 248 1646 negligentia
269 1569 448 1648 inquirendi
468 1568 561 1630 inerit
587 1585 711 1645 magna.
723 1567 829 1629 Videri
877 1566 1005 1642 tionem,
1016 1569 1164 1632 alimenta
1173 1577 1230 1632 etc.
1241 1571 1383 1632 circailla
1396 1577 1501 1633 autem
1514 1572 1644 1652 objecta,

69 1660 276 1737 poscerent.
297 1662 334 1722 de
346 1679 424 1740 coac.
437 1660 522 1742 prob.
544 1679 595 1742 qu.
613 1663 661 1724 16.
678 1660 826 1722 ubinam.
877 1662 1128 1738 quorumveritaa
1135 1669 1219 1724 certo
1228 1664 1440 1742 cognoscissnon
1448 1670 1558 1745 potest,
1565 1684 1647 1727 com-

70 1751 95 1810 5.
109 1751 198 1814 refert
210 1753 279 1814 haec
305 1753 400 1814 verba
420 1753 564 1832 Hugonis
586 1754 674 1814 Card.
690 1751 829 1834 Simplex
877 1749 1014 1810 maniter
1023 1751 1132 1812 saltem
1145 1758 1191 1813 est
1202 1753 1646 1834 meliusbaberecognitionem

67 1841 366 1927 dicituripnoroatia,
391 1845 504 1927 pando
526 1845 611 1906 tomo
635 1865 691 1906 non
716 1844 829 1908 laborat
878 1840 1079 1919 probabilem,
1096 1845 1237 1924 quarnvis·
1250 1846 1455 1926 peraccidens
1469 1865 1642 1925 erroneam,

67 1935 143 2008 aire,
171 1937 252 2018 qaod
274 1939 366 2019 possit
392 1938 466 2000 scire
492 1958 504 2000 .·
530 1937 667 2019 affectata
692 1937 826 2018 dicitur,
878 1951 973 2012 quam
992 1935 1337 2016 puramignorantiam;
1353 1957 1428 2000 nam
1441 1957 1521 2020 saepe
1533 1941 1646 2002 veritas

68 2027 173 2107 quaudo
186 2027 298 2112 alt'quis
318 2049 355 2092 erc
379 2029 527 2093 industria
552 2031 830 2105 culturaeque
878 2025 1004 2088 illorum
1028 2028 1241 2110 investiganda
1267 2037 1324 2109 cst,
1352 2031 1398 2093 uti
1420 2031 1502 2094 circa
1528 2033 1647 2112 objecta

67 2120 177 2182 menica
186 2123 256 2184 circo
265 2128 575 2206 cgpracetpeccatum,
588 2143 622 2184 nc
632 2123 728 2204 magia
737 2131 830 2186 terwa-
878 2118 996 2180 incerta
1004 2120 1145 2184 videmus
1154 2141 1236 2203 saepe
1250 2123 1399 2205 disputari
1411 2143 1428 2184 a
1441 2124 1517 2187 viris
1526 2127 1644 2206 sapien·

68 2212 419 2296 taradconpeccandum
432 2216 571 2278 etcbinc
584 2217 724 2279 affectata
742 2217 828 2278 vide·
878 2211 960 2272 tibus
982 2213 1138 2276 inscbolis
1160 2215 1316 2294 omnibus,
1331 2221 1396 2278 tam
1410 2217 1642 2298 Philosopbicis,

67 2309 113 2366 tur
132 2307 247 2370 habere
275 2315 489 2388 mntemptum
516 2309 677 2394 scientiaeq
698 2310 829 2390 simplex
879 2305 1644 2389 quamTheologicia:stultumautemloretdicere,

66 2405 173 2476 autem,
197 2401 395 2464 solummodo
421 2401 597 2482 neglectum
620 2403 766 2466 veritatis.
796 2405 826 2464 5.
879 2398 1126 2478 quodexpediret
1137 2402 1346 2481 nunquamde
1360 2402 1539 2481 hujusmodi
1548 2404 1647 2483 objec-

68 2491 188 2556 liatione
202 2493 326 2572 objecti,
345 2496 405 2556 alia
418 2496 531 2557 dicitur
543 2497 719 2575 ignorantia
731 2497 826 2572 luris,
878 2489 1059 2569 tisjudicare
1073 2511 1129 2572 pro
1139 2495 1190 2555 vel
1204 2501 1321 2569 contra,
1337 2493 1363 2556 is
1377 2495 1462 2556 enim
1472 2495 1647 2560 toreterror

66 2601 129 2662 que
143 2585 282 2647 eslonca
295 2587 389 2666 leges,
405 2588 455 2648 vel
468 2588 688 2666 obligationem
710 2589 827 2668 legum,
877 2582 1145 2662 Academicorum,
1182 2586 1239 2666 qui
1265 2587 1408 2648 dicebant
1443 2607 1583 2668 unquam
1612 2591 1646 2650 in

65 2677 195 2758 soletque
208 2679 304 2740 etiam
315 2679 575 2757 diciuniversalis,
586 2681 647 2742 alia
659 2681 742 2756 facti,
758 2699 829 2761 quae
878 2675 1002 2738 incertis
1018 2677 1223 2754 judicandum
1242 2697 1318 2758 esse,
1348 2698 1389 2742 ne
1414 2679 1491 2740 forte
1506 2687 1642 2744 erretur:

66 2770 155 2832 estde
187 2771 292 2850 aliquo
315 2771 407 2849 facto,
442 2773 493 2834 vel
514 2792 579 2835 non
592 2773 682 2842 lacto,
698 2774 829 2853 ideoque
872 2769 961 2850 ¹quod
986 2770 1143 2832 somnium
1169 2772 1344 2853 exploditur
1368 2772 1407 2833 ab
1435 2774 1590 2848 omnibus,
1614 2779 1645 2836 et

66 2861 171 2924 aidan
188 2863 394 2942 particularis,
409 2869 447 2926 ut
473 2864 497 2926 si
513 2866 664 2945 ignorem,
690 2884 730 2926 an
740 2866 828 2945 jacu-
878 2862 1012 2923 reticent
1024 2863 1097 2942 quia
1111 2882 1182 2924 cum
1203 2865 1319 2926 motiva
1331 2865 1449 2944 gravia,
1476 2867 1558 2926 etad
1570 2885 1646 2946 pru-

66 2953 151 3016 landc
164 2956 332 3018 occiderim
341 2957 455 3033 virum,
471 2976 579 3020 necne.
878 2953 987 3015 denter
996 2955 1199 3033 judicandum
1210 2955 1392 3018 sufficientia
1405 2965 1582 3035 occurrant,
1590 2977 1646 3040 per

6 3047 48 3106 ica
103 3047 136 3123 0.
162 3051 233 3110 tl'l.
272 3048 365 3122 Quale
394 3049 518 3124 maiam,
550 3059 579 3112 et
604 3056 706 3112 atram
732 3052 829 3133 majas
878 3065 948 3126 quae
983 3047 1154 3110 intellectus
1181 3049 1277 3128 possit
1303 3049 1412 3111 saltem
1446 3050 1646 3130 probabiliter

65 3139 225 3202 malamort
239 3145 421 3222 ignorantia,
437 3161 476 3204 aa
490 3142 595 3204 error?
609 3143 645 3205 R.
877 3140 1027 3220 attingere
1051 3141 1222 3218 veritatem,
1238 3161 1303 3204 non
1317 3148 1374 3220 cst,
1389 3161 1445 3204 cur
1458 3143 1646 3224 impediatur

99 3231 127 3311 ξ.
143 3238 172 3295 l.
191 3236 299 3310 libror,
329 3241 360 3296 et
372 3235 547 3312 ignorantia
562 3237 642 3298 eirca
658 3236 828 3298 necessaria
877 3233 1488 3316 eamveritatemapparcntemamplecti;
1498 3236 1549 3298 hic
1560 3239 1645 3300 enim

64 3325 100 3386 ad
122 3327 220 3388 linem
246 3327 393 3388 rdtimum
415 3332 490 3390 sunt
512 3330 683 3391 marimum
709 3329 827 3390 malum
876 3331 923 3388 est
936 3325 1006 3386 finis
1025 3326 1118 3402 illius,
1142 3331 1173 3387 et
1186 3326 1255 3388 ideo
1267 3345 1332 3387 non
1346 3328 1485 3406 quiescit,
1508 3330 1567 3392 nisi
1580 3329 1643 3392 lor·

64 3415 203 3496 hominis,
219 3420 293 3498 quia
307 3421 461 3499 quantitas
474 3409 548 3482 mali
561 3427 758 3483 mensuratur
772 3441 828 3501 per
875 3425 960 3479 mato
983 3418 1086 3498 aliquo
1101 3419 1182 3480 eirca
1193 3419 1267 3480 talia
1281 3419 1400 3498 objecta
1409 3420 1538 3500 judicio,
1560 3426 1644 3504 quod

62 3513 320 3590 magnitudinem,
338 3519 368 3574 el
377 3513 592 3575 necessitatem
606 3514 680 3576 boni
691 3532 747 3594 per
764 3515 825 3576 tale
876 3511 1010 3572 maxime
1036 3510 1127 3587 valet,
1155 3512 1182 3571 si
1195 3510 1313 3590 obJecia
1336 3511 1398 3573 sint
1423 3515 1642 3594 practicabilia,

63 3604 175 3666 malum
187 3604 314 3680 exclusi,
327 3623 401 3686 ergo
414 3624 487 3669 cum
497 3606 633 3668 obtentio
643 3607 715 3667 finis
724 3607 825 3666 ultimi
875 3605 1063 3685 adquorum
1075 3604 1271 3684 positionem,
1287 3603 1337 3665 vel
1353 3605 1552 3668 omissionem
1567 3608 1641 3669 diri-

62 3694 97 3756 sit
109 3699 294 3774 maximnm,
307 3703 338 3759 et
346 3699 481 3760 maxime
492 3699 825 3761 necessariumbonum
875 3713 987 3776 gamur
1013 3715 1070 3777 per
1088 3696 1205 3774 judicia
1233 3697 1405 3758 seeundum
1429 3701 1642 3779 apparentiam

62 3785 202 3866 hominis,
226 3809 325 3868 error,
351 3799 383 3852 et
399 3791 586 3871 ignorantia,
615 3809 685 3871 quae
698 3797 825 3854 causant
874 3790 1009 3852 veritatis
1021 3789 1163 3864 formata,
1183 3807 1266 3868 ergo.
1285 3787 1325 3850 Si
1335 3787 1429 3867 dicos,
1442 3791 1539 3852 finem
1551 3792 1642 3854 intel-

62 3882 268 3944 cxclusionem
298 3883 369 3944 finis
401 3884 517 3961 ultimi,
551 3889 624 3945 sunt
649 3885 824 3946 maximum
874 3883 971 3945 lectus
984 3899 1049 3944 esse
1062 3882 1212 3961 attingere
1225 3881 1385 3942 veritatem
1406 3882 1439 3942 in
1460 3901 1502 3960 se,
1534 3882 1641 3948 Contra

62 3971 191 4036 bominis
205 3975 338 4036 malum.
873 3983 924 4052 ert,
949 3973 1089 4055 quamvis
1118 3975 1203 4036 enim
1227 3973 1278 4034 bic
1299 3974 1339 4034 sit
1365 3974 1435 4034 finis
1460 3975 1639 4054 primarius,

9 4067 43 4129 '03
96 4067 123 4146 ᾖ.
138 4069 169 4128 2.
187 4068 339 4135 Quamvis
352 4068 539 4148 ignorantia,
555 4074 586 4130 et
599 4069 824 4130 errorinvinci·
872 4073 979 4130 tamen
1006 4086 1071 4128 non
1095 4071 1142 4128 cst
1165 4067 1456 4128 moduseamoerto
1468 4068 1640 4148 attingendi

61 4157 125 4220 bilis
138 4161 221 4222 circa
243 4179 308 4222 non
321 4161 492 4222 necessaria
516 4161 664 4224 adfinem
679 4162 824 4223 mamam
872 4161 906 4222 in
915 4179 959 4237 se,
968 4159 1038 4220 linis
1052 4158 1251 4220 secundarius
1265 4165 1311 4220 est
1329 4177 1479 4240 quaerere,
1491 4165 1522 4222 et
1535 4162 1641 4224 conari

59 4269 176 4334 semper
203 4254 266 4316 sint
290 4254 409 4316 malum
441 4254 607 4334 physicam
637 4255 822 4333 intellectus,
872 4253 1025 4331 attingere
1038 4269 1118 4327 eam,
1132 4251 1333 4330 ubiapparet,
1348 4251 1432 4331 quod
1445 4251 1642 4334 sitperjudi-

59 4361 125 4408 cunr
138 4347 223 4423 finis,
239 4353 271 4408 et
284 4351 510 4426 consequenter
519 4346 638 4408 bonum
651 4347 824 4410 intellectus
873 4345 956 4406 cium
973 4343 1141 4424 probabile,
1164 4343 1235 4406 licet
1265 4361 1321 4423 per
1334 4345 1475 4406 accidens
1501 4345 1541 4406 ait
1560 4365 1642 4409 erro·

58 4437 197 4500 sitnosse
211 4439 662 4516 veram,utiinscest:tamen
676 4459 757 4522 saepe
768 4459 825 4520 per
872 4455 979 4514 neum,
1003 4441 1039 4497 ut
1065 4436 1182 4498 dictum
1209 4441 1287 4498 esta
1310 4455 1340 4498 a.
1363 4438 1414 4498 97.
1438 4457 1508 4518 quae
1536 4440 1643 4501 omnia

58 4529 195 4592 accidens
208 4531 329 4592 suntin
342 4550 455 4610 genere
464 4532 560 4594 moris
573 4531 712 4608 meliora,
729 4551 824 4612 quam
872 4529 1097 4593 confirmantur
1109 4547 1148 4590 cx
1161 4528 1248 4590 dictis
1261 4549 1281 4591 a
1294 4549 1326 4589 n.
1342 4530 1390 4592 lt.
1408 4529 1463 4592 ubi
1485 4531 1640 4594 obstendi-

57 4623 178 4686 scientia
187 4645 196 4700 ;
205 4625 248 4686 sic
259 4624 371 4686 melius
381 4632 429 4686 est
441 4625 551 4686 marito
566 4625 684 4686 nescire
697 4631 823 4705 praeter-
873 4642 944 4685 mus
956 4623 1050 4685 etiam
1063 4640 1119 4702 per
1126 4639 1266 4684 errorem
1283 4621 1493 4684 invincibilem
1502 4623 1640 4688 intellec·

59 4719 131 4777 itam
167 4716 405 4779 fornicationem
430 4717 537 4779 uxoris
550 4735 625 4793 auae,
655 4723 686 4778 et
700 4717 823 4798 opinari
873 4723 923 4778 tus
937 4715 1061 4778 refundi
1072 4733 1160 4794 posse
1171 4715 1366 4777 honestatem
1375 4715 1519 4778 inactum
1530 4717 1642 4780 volun-

57 4806 140 4882 falso,
163 4809 250 4888 quod
273 4827 395 4889 semper
408 4809 502 4872 fuerit
515 4816 607 4880 casta,
633 4827 728 4889 quam
746 4811 823 4872 scire
872 4809 955 4886 tatis,
986 4814 1176 4889 possuntque
1190 4807 1285 4870 etiam
1304 4809 1402 4870 videri
1428 4809 1507 4871 dicta
1520 4829 1551 4870 a.
1568 4812 1639 4872 400.

58 4917 119 4960 non
132 4900 247 4962 dume:
271 4919 347 4963 nam
359 4902 434 4963 alias
447 4902 626 4964 turbaretur
637 4919 709 4982 pax,
725 4903 822 4964 conli-
872 4905 940 4962 til.
958 4902 1035 4962 ltem
1048 4900 1152 4964 Terill.
1170 4900 1202 4962 ic
1215 4901 1289 4982 ch.
1303 4920 1355 4983 qa.
1370 4904 1421 4962 60.

57 4991 169 5069 dantia,
193 5011 300 5056 amor:
319 4995 394 5056 item
409 4995 519 5056 melius
538 4999 583 5056 est
596 4994 718 5056 homini
732 4995 823 5074 plane
914 4992 1050 5074 Obja'ca'ea.
1078 4992 1185 5054 Omnis
1210 5011 1297 5054 error
1319 4999 1366 5055 est
1386 4993 1516 5073 positiva
1528 4993 1642 5076 imper·
1666 5007 1726 5068 706

57 5081 199 5162 ignorare
220 5091 424 5166 praeceptum,
451 5093 506 5148 aut
526 5087 601 5148 falto
615 5091 723 5166 putare
745 5087 823 5148 illud
872 5085 963 5147 lectio
993 5085 1179 5159 intellectus,
1203 5085 1319 5147 iaciens
1341 5085 1457 5148 malam
1481 5086 1547 5166 ejus
1584 5086 1643 5150 dis·

56 5192 119 5237 non
135 5177 216 5253 dari,
240 5178 361 5240 sibeos
381 5180 548 5259 prevideat
569 5185 822 5259 cumtransgrca-
874 5177 1073 5257 positionem,
1098 5195 1172 5256 ergo
1203 5195 1327 5258 semper
1353 5183 1399 5240 est
1418 5178 1517 5258 pejor,
1546 5197 1642 5258 quam

56 5283 173 5343 aarum,
190 5269 335 5348 siscmet,
350 5276 405 5332 etc.
872 5269 1060 5349 ignorantia,
1089 5287 1159 5350 quae
1171 5274 1295 5331 tantum
1316 5276 1363 5332 est
1378 5270 1510 5351 privatio
1524 5271 1641 5352 perico-

12 5369 37 5429 tt
93 5361 122 5441 ᾖ.
137 5363 168 5422 3.
186 5363 283 5423 Error
300 5363 334 5424 in
347 5363 500 5443 plerisque
514 5363 672 5442 estmajas
691 5363 822 5440 malum,
872 5361 977 5439 tionis,
992 5361 1082 5422 sicuti
1092 5362 1264 5424 vitiumest
1277 5363 1379 5441 majus
1392 5362 1510 5424 malum
1529 5363 1640 5426 volun-

56 5453 663 5535 quamignorautiaiquiaintelleotusper
672 5473 821 5530 errorem,
872 5454 957 5530 tatis,
991 5472 1086 5533 quam
1112 5455 1238 5534 precise
1266 5454 1398 5535 privatio
1432 5455 1565 5518 virtutis.
1598 5454 1637 5518 Ii.

56 5549 161 5625 utpote
174 5545 309 5608 formam
322 5548 523 5626 contrariam,
549 5547 636 5627 pejus
649 5547 824 5628 disponitur
873 5545 982 5608 Omnis
1006 5564 1093 5608 error
1116 5546 1298 5626 imprudens
1310 5550 1357 5608 est
1373 5545 1505 5628 positiva
1526 5549 1641 5628 imper-
