3938 6338
329 389 390 449 Ei8
873 391 907 450 P.
931 389 1120 452 STEPHANI
1145 389 1194 451 DE
1215 389 1373 452 culmus

328 552 501 632 decidendis,
530 575 564 616 aa
586 555 670 616 reios
693 555 908 618 Ecclesiastico
935 555 1098 616 versatissi-
1149 556 1254 632 Mision,
1280 555 1312 616 in
1343 556 1510 636 Theologia
1537 556 1646 618 hlorali
1676 555 1870 632 fundamental,

329 665 411 706 mum
438 645 541 708 dicunt
563 651 629 716 cic.)
659 649 810 727 approbat
821 649 1100 709 eamdem'sentcn-
1148 647 1323 709 Alexandro
1349 650 1407 708 Vll
1431 654 1620 728 nuncupata,
1645 667 1677 709 n.
1701 651 1753 710 302
1767 648 1873 710 similia

329 737 418 814 liam,
434 744 465 798 et
478 757 535 818 pro
547 757 584 800 ea
597 744 736 801 auctores
750 740 864 801 multos
879 740 953 799 citat
968 743 980 799 i
995 739 1100 800 collec-
1147 739 1289 799 sententia
1303 739 1438 802 hadr'eesi
1447 745 1586 818 omnium,
1599 759 1680 821 posse
1692 739 1872 800 dominantum

330 833 392 889 tan.
409 830 473 890 inl.
496 831 515 890 E
539 831 652 892 decret.
679 850 752 911 pag.
776 833 846 892 i08.
867 830 958 906 Unde,
985 831 1098 910 inquit,
1148 831 1319 892 conscientia
1333 833 1414 913 sequi
1430 832 1593 913 opinionem
1612 833 1708 894 minas
1717 831 1873 914 probabilem.

330 921 494 1001 opinionem
503 922 694 1003 prohabilem
704 924 736 983 in
748 924 813 1004 [ora
826 924 1007 984 corucientice
1019 923 1102 1003 sequi
1150 924 1246 983 item:
1274 929 1348 984 tenet
1374 925 1534 985 communis
1552 924 1694 985 enitentia
1710 943 1762 984 esse
1776 923 1876 997 licitam,

329 1031 418 1094 posse,
433 1013 537 1076 relicta
542 1014 748 1095 probabiliori,
760 1014 996 1076 tenentrtrmilla
1007 1023 1059 1074 ele.
1105 1037 1115 1055 ·
1149 1013 1252 1074 relicta
1261 1015 1397 1096 opinione
1408 1015 1617 1096 probabiliore,
1628 1023 1656 1076 et
1665 1015 1881 1096 mapislulasepai

371 1106 512 1168 Tandem
544 1109 680 1169 loannes
715 1106 903 1169 Caramuel¹
934 1108 1103 1187 Episcopus
1150 1106 1248 1167 minus
1258 1107 1455 1188 probabilem,
1471 1114 1500 1169 et
1513 1108 1610 1168 minus
1624 1107 1744 1169 tulam¹.

366 1309 391 1359 i.
410 1306 477 1359 Eisca
490 1307 609 1374 Episcopis
636 1322 715 1360 novem
728 1308 824 1361 addendi
845 1313 906 1361 sunt.
931 1310 1021 1361 Pnrnos
1046 1309 1106 1361 onim
1155 1306 1260 1358 damnum
1278 1307 1371 1373 'inpiam
1399 1307 1455 1372 ipsis
1472 1306 1580 1373 eripiens,
1603 1307 1728 1359 luculenter
1743 1307 1839 1368 sortisse,
1858 1308 1883 1372 ιιι

332 1397 388 1434 vero
405 1397 493 1434 morum
509 1383 641 1448 Sanctitate,
658 1390 681 1435 et
695 1385 718 1436 in
731 1385 867 1437 Societatem
880 1385 933 1436 lesu
953 1385 1107 1437 benevolentis
1155 1383 1290 1433 acerrimum
1303 1381 1513 1434 Prohahiiioristam
1525 1382 1634 1434 insultam
1650 1383 1724 1434 Estrix
1737 1383 1789 1434 inter
1799 1382 1884 1434 Prahahi-

333 1459 416 1510 coleris
430 1463 539 1524 prostans
552 1460 581 1510 sit
595 1460 676 1511 Beatus
690 1460 870 1512 (tabennensium
880 1461 1106 1512 Presuli'ranciscas
1155 1456 1215 1508 iismi
1240 1457 1369 1509 deicnsores
1393 1458 1571 1510 connumeravit.
1596 1459 1653 1510 Vide
1672 1459 1757 1510 tertim
1770 1458 1852 1510 timidis
1866 1458 1885 1508 al

333 1533 445 1585 Saiesius.
466 1532 638 1585 Probabilistam
659 1535 729 1586 luisse
748 1535 856 1587 Sanctum
879 1535 1005 1587 antistitem
1024 1549 1107 1599 negare
1155 1533 1304 1584 Alexandrum
1319 1533 1451 1598 Epistulam

334 1610 372 1660 ιιι
386 1609 469 1675 poterit
481 1610 663 1662 Veronensisiiie
673 1609 796 1676 Prcshprer
809 1612 953 1671 Balierirrius,
972 1611 1010 1676 qui
1029 1611 1107 1676 paucis
1190 1608 1285 1660 acacius
1312 1609 1340 1660 de
1355 1609 1449 1660 ielosco
1464 1608 1624 1660 liominicanus
1637 1623 1726 1674 qnoque
1740 1609 1788 1670 luit,
1811 1609 1887 1674 limane

335 1683 431 1736 abhinc
454 1685 519 1735 annis
533 1685 641 1736 adversus
658 1687 714 1737 iien.
732 1687 806 1737 Patris
820 1686 884 1737 Pauli
899 1687 993 1751 Segnari
1008 1686 1105 1752 priorem
1156 1683 1290 1748 Episcopus.
1300 1683 1341 1735 iiia
1356 1689 1431 1734 autem
1445 1684 1472 1734 Τ.
1489 1696 1518 1745 ιι,
1534 1685 1606 1735 aerim
1622 1683 1726 1749 opinion
1733 1685 1888 1750 prohalierno

334 1759 461 1825 epistolam,
476 1759 578 1812 iihoiium
593 1761 670 1812 edidit.
680 1761 775 1813 Utenim
784 1761 945 1814 Prohairiiistas
953 1762 1106 1813 doctrinarum
1156 1759 1200 1809 iul.
1217 1759 1274 1810 316.
1290 1774 1316 1809 n.
1337 1759 1360 1810 i.
1377 1760 1456 1810 inhac
1472 1760 1889 1826 verha,quaee1hispanicoautagnplo

260 1838 263 1844 ’
336 1835 430 1886 nimium
444 1850 459 1885 a
474 1835 651 1887 Christianorum
665 1851 753 1888 monam
766 1837 848 1902 pictate
861 1837 985 1888 alienarum
1003 1842 1107 1888 auctores
1156 1833 1888 1900 latinereddo,montcmsuamaperit.llicoprimo:earumaaior¹

337 1923 387 1960 esse
401 1910 535 1962 Baiierinius
546 1911 658 1973 ostendat,
674 1913 800 1978 exemplum
817 1913 882 1964 ailert
902 1912 1034 1964 chorearum
1051 1926 1107 1977 quas
1156 1913 1179 1959 el
1190 1911 1309 1974 receptior
1321 1911 1454 1961 Doctorum
1469 1911 1550 1974 opinio
1564 1909 1622 1974 sert,
1637 1911 1721 1971 licere,
1735 1925 1762 1962 ac
1775 1915 1841 1960 tutan
1852 1925 1890 1960 esee

336 1999 350 2036 a
364 1985 409 2036 SS.
425 1985 532 2036 Patribus
543 1986 601 2036 mire
614 1986 769 2052 reprehensas,
780 1987 823 2052 ipsi
834 1987 953 2039 admodum
966 1988 1043 2038 incites
1052 1987 1106 2038 vitia
1156 1989 1223 2048 scant
1237 1986 1375 2048 opinionem
1390 1985 1548 2049 prohabilem,
1564 2000 1722 2050 quaecumque
1739 2001 1766 2037 ea
1776 1989 1812 2047 sit,
1822 1985 1891 2050 proie-

337 2074 416 2126 parere
429 2075 496 2126 posse
505 2061 625 2112 affirmant.
641 2063 707 2128 imni
717 2063 739 2113 id
749 2063 822 2129 ipsum
833 2063 947 2128 conceptis
958 2063 1031 2113 rerhis
1040 2063 1107 2113 tradit
1157 2059 1238 2110 hiiiori
1251 2060 1415 2111 eutolmium
1430 2061 1516 2112 hancce
1529 2061 1662 2112 sententiam
1680 2061 1778 2127 pinrihus
1798 2060 1893 2112 ananim

337 2135 438 2186 Salesius
451 2135 574 2186 Philotha'a
583 2151 610 2202 p.
627 2137 651 2187 i.
669 2151 723 2202 cap.
748 2137 790 2188 23.
811 2141 833 2188 et
850 2153 876 2202 p.
900 2138 915 2188 3
935 2152 956 2189 c.
974 2138 1005 2188 33
1027 2142 1050 2188 et
1063 2138 1103 2188 at.
1157 2135 1284 2186 confirmat.

336 2215 403 2275 atque
417 2211 474 2262 adeo
491 2210 514 2260 in
532 2211 667 2262 Prolatiooo
683 2212 854 2264 adtractatum
869 2213 898 2264 de
913 2226 995 2263 umore
1009 2214 1054 2264 liei
1078 2213 1106 2264 de
1190 2209 1296 2261 Ιιιιιιιιιι
1309 2209 1441 2261 sententiam
1451 2210 1602 2276 amplectitur.
1619 2215 1757 2277 certamem
1769 2216 1833 2272 rorat,
1844 2215 1894 2276 auae

336 2285 471 2349 quibusdam
493 2286 604 2352 quantur,
628 2301 643 2338 a
663 2287 745 2351 qulbus
763 2300 790 2338 ea
813 2287 841 2338 de
864 2301 942 2338 caussa
970 2288 1107 2354 vituperatus
1157 2285 1287 2336 admodum
1301 2300 1454 2338 communem
1468 2285 1894 2351 illustrissacReuerendiss.hiphansas

337 2361 419 2421 luerat,
434 2365 501 2426 atque
515 2362 623 2413 conviciis
643 2361 746 2414 auectus.
771 2362 826 2413 ilde
844 2363 911 2414 etiarn
933 2363 1049 2428 epistolam
1065 2363 1105 2415 to.
1157 2360 1185 2410 de
1199 2361 1317 2425 Moategro
1331 2376 1354 2411 ιι
1369 2375 1410 2412 suo
1426 2363 1554 2412 itinerario
1569 2376 1644 2413 aureo
1656 2378 1703 2428 pro
1717 2363 1896 2414 lndiaramParo

337 2435 389 2486 iibri
407 2435 432 2486 3.
451 2437 508 2487 hodi
522 2437 588 2487 etiarn
602 2437 657 2502 quid
678 2438 701 2487 io
720 2437 779 2488 iihro
796 2437 921 2503 inscripto:
939 2439 964 2489 io
983 2439 1070 2503 spirito
1083 2439 1108 2488 di
1158 2436 1212 2486 citis
1227 2436 1269 2486 iil.
1284 2437 1308 2485 l.
1329 2437 1408 2488 itaet.
1422 2437 1445 2487 i.
1463 2435 1528 2488 Sese.
1544 2436 1587 2487 20.

338 2511 390 2564 San
406 2511 541 2563 Franeesea
560 2513 586 2564 di
600 2512 671 2565 Sales
691 2513 754 2577 pi.
770 2529 793 2564 c.
810 2513 851 2564 18.
865 2529 922 2578 pap.
947 2514 995 2564 159
1018 2515 1107 2564 Veneta
1191 2511 1237 2562 Pro
1254 2511 1332 2562 eodem
1361 2515 1407 2562 stat
1432 2511 1548 2562 illustriss.
1579 2511 1668 2578 theiis,
1700 2515 1763 2578 cujas
1786 2513 1898 2564 iihrande

337 2585 442 2638 editionis
455 2587 575 2638 antidi.
591 2588 849 2640 relaratiiInstrissimos
863 2589 1109 2641 cohererendissimus
1159 2585 1304 2638 Christianae
1331 2585 1432 2638 iioralis
1464 2587 1600 2650 Theoiopioe
1622 2589 1752 2654 principiis
1780 2588 1897 2639 Emhufis.

338 2660 464 2727 Episcopus
476 2660 573 2713 loannes
583 2662 664 2714 Petrus
678 2663 769 2716 Gaurus.
788 2681 798 2710 r
818 2664 919 2714 Essendo
928 2664 983 2714 cerii
997 2662 1107 2729 Capitoni,
1158 2659 1325 2723 lambertinus,
1341 2675 1401 2712 nanc
1409 2661 1543 2714 Benedictus
1552 2662 1621 2719 ilii..
1636 2677 1698 2729 saepe
1711 2665 1734 2714 in
1744 2663 1789 2715 suis
1798 2663 1900 2715 insitus

340 2753 351 2782 r
371 2735 416 2786 idi
430 2737 467 2788 cui
489 2736 576 2788 Soldati
600 2752 668 2790 erano
685 2739 708 2790 di
727 2739 870 2803 guarnigioni
892 2738 952 2790 neila
973 2737 1061 2790 nicaeo
1085 2739 1108 2790 di
1159 2735 1225 2785 nihus
1250 2749 1302 2786 cum
1329 2735 1395 2786 laude
1417 2737 1479 2794 citat,
1507 2737 1530 2787 in
1544 2751 1616 2802 eoque
1629 2737 1689 2789 lihro
1707 2753 1748 2804 pro
1770 2737 1902 2790 Prohahiiistis

340 2809 481 2876 »Belloio
495 2817 570 2878 tempo
584 2813 606 2863 di
620 2812 752 2872 eraresima
770 2814 845 2866 andeli
859 2827 873 2864 a
888 2813 1006 2865 dimandar
1025 2813 1109 2864 ilcema
1159 2810 1236 2861 hadal
1260 2809 1358 2862 monem
1381 2812 1409 2862 ad
1434 2811 1552 2863 Rusticum
1565 2811 1734 2864 Nerhonensem
1759 2815 1823 2879 epist.
1839 2813 1903 2862 iiia

341 2903 352 2931 ι
371 2899 412 2951 per
421 2885 587 2938 iiioroSoidati
601 2887 624 2938 di
636 2888 739 2951 mandat
751 2901 820 2949 nova,
831 2902 844 2938 e
856 2889 960 2950 laniatui,
974 2889 990 2939 il
999 2889 1108 2950 vescovo,
1159 2887 1309 2950 augustinum
1323 2887 1346 2936 in
1360 2885 1456 2952 epistola
1468 2887 1496 2938 ad
1507 2887 1668 2954 Hieronymum
1694 2890 1735 2940 rs.
1750 2887 1903 2941 Ponoiheilias

341 2960 416 3011 raho
442 2973 487 3011 non
513 2961 588 3012 solem
612 2963 737 3014 concedere
762 2968 840 3028 questa
854 2963 950 3024 liceum,
966 2977 991 3014 se
1010 2977 1054 3015 non
1069 2963 1110 3014 che
1160 2959 1242 3012 librum
1269 2961 1328 3012 hane
1352 2961 1443 3026 scripsit
1465 2967 1517 3026 post
1531 2963 1653 3014 Alexandri
1678 2963 1716 3014 tit
1744 2964 1854 3022 decreuu.
1867 2977 1903 3027 uro

342 3054 353 3082 ι
372 3035 519 3099 agitaruut,
535 3037 555 3086 si
573 3041 636 3088 trcvo
654 3038 724 3088 molto
738 3039 891 3102 imhroeiiato.
907 3039 1015 3090 emendo
1036 3037 1110 3090 subito
1161 3034 1228 3086 veluti
1239 3035 1330 3086 lulmiuo
1344 3037 1461 3100 perculsos
1473 3037 1543 3088 luisse
1555 3037 1719 3090 Probabilisias
1728 3039 1797 3103 iactat
1807 3039 1905 3090 histum
1968 3086 1969 3103 ,

342 3129 353 3157 ι
374 3124 387 3162 a
401 3111 531 3162 dimandare.
544 3111 560 3161 ii
578 3125 631 3164 caso
648 3113 671 3163 ai
685 3113 754 3164 Saoio
771 3113 793 3164 di
807 3113 881 3175 Salas,
899 3114 915 3164 ii
932 3114 1000 3179 quale
1021 3113 1053 3178 pii
1069 3114 1111 3165 ris-
1160 3108 1328 3161 Prohahliismi.

342 3205 353 3233 ι
374 3199 439 3251 pose,
455 3185 498 3237 che
514 3200 559 3237 non
573 3187 623 3238 solo
644 3187 730 3239 dovera
743 3189 877 3239 concedcrla
891 3189 950 3250 loro,
974 3203 1011 3238 ma
1027 3203 1111 3240 ancora
1194 3187 1221 3234 A·
1238 3186 1311 3236 liii·
1327 3186 1426 3251 iprensis
1441 3187 1568 3252 Episcopus
1583 3189 1729 3240 renunciatus
1748 3195 1781 3241 est
1796 3189 1907 3242 cotum

343 3280 354 3308 ι
373 3259 499 3325 ampliaria,
515 3261 541 3311 cd
557 3261 580 3312 in
589 3261 658 3326 luogo
672 3263 754 3314 d'uara
763 3263 803 3314 dar
817 3262 866 3314 loro
876 3263 962 3314 liceum
971 3263 994 3314 di
1010 3263 1111 3328 maugier
1161 3258 1261 3310 Eenricir
1268 3259 1383 3312 Generalis
1391 3260 1564 3314 commissarius
1574 3261 1667 3314 Ordinis
1676 3264 1794 3315 minorum.
1805 3265 1907 3315 tiresum

343 3354 354 3383 r
374 3349 443 3388 carne
459 3335 482 3386 di
498 3335 550 3398 hue,
566 3337 594 3388 ed
611 3337 635 3386 in
649 3336 717 3402 luogo
731 3337 753 3388 di
773 3338 899 3402 larmaggia
924 3339 1034 3390 concedar
1060 3338 1110 3391 loro
1161 3335 1295 3385 insumam
1318 3337 1453 3400 Tleaiopior
1466 3351 1492 3402 p.
1507 3336 1533 3399 2,
1552 3338 1632 3390 irael.
1651 3339 1666 3388 2
1691 3339 1755 3404 disp.
1769 3341 1792 3390 l.
1799 3355 1824 3405 p,
1840 3337 1907 3405 iil.

344 3429 354 3460 r
375 3409 398 3462 di
416 3414 480 3476 poter
500 3412 616 3476 manpiare
629 3412 660 3476 gli
675 3412 741 3464 stessi
764 3412 855 3464 animali
871 3413 908 3464 dei
928 3413 950 3464 di
968 3413 1004 3464 cui
1026 3413 1111 3464 laites
1162 3409 1351 3462 Probabilismum
1369 3416 1505 3476 propugnat.

344 3489 534 3550 »compastor
564 3486 603 3538 ia
625 3487 753 3552 Lapmaono
770 3487 789 3538 si
807 3487 861 3552 quid
892 3487 1001 3552 ejusmodi
1028 3488 1051 3539 ia
1064 3487 1112 3539 suis
1196 3488 1336 3554 Postipsum
1350 3489 1393 3540 hoc
1406 3490 1525 3542 Alexandri
1539 3491 1656 3544 decretam
1670 3493 1801 3546 Namnatius
1820 3493 1910 3546 hunni·

342 3560 407 3612 libris
421 3561 588 3612 constituisset!
604 3575 671 3626 quam
685 3561 744 3612 helie
771 3560 847 3614 locum
877 3567 900 3614 et
926 3563 976 3614 hac
1003 3563 1113 3614 sententia
1162 3576 1233 3614 canus
1246 3563 1371 3629 Episcopus
1385 3565 1484 3630 scripsit.
1501 3566 1560 3625 outo
1584 3573 1659 3620 autem
1684 3569 1712 3619 de
1734 3569 1911 3622 eranuttsann

341 3635 457 3687 habuisset
478 3635 501 3686 iu
515 3635 603 3687 duobus
626 3637 671 3688 iilis
697 3637 727 3688 de
738 3637 851 3703 principe
868 3638 933 3702 paim
949 3639 1111 3700 incommodo,
1163 3637 1269 3702 opinione
1294 3639 1398 3698 senserit,
1414 3639 1494 3704 accipe
1508 3655 1540 3691 ae
1564 3643 1639 3693 Tamo
1656 3644 1681 3694 i.
1707 3645 1784 3696 maol.
1804 3649 1825 3696 5.
1840 3645 1911 3700 Gonir.

341 3713 441 3776 despue
463 3712 571 3763 remedio
590 3711 690 3776 dialogis
712 3725 757 3777 quo
776 3713 921 3764 clandestinis
944 3713 1010 3779 typis,
1025 3715 1114 3766 Verona
1164 3713 1179 3763 5
1196 3717 1218 3764 el
1231 3713 1272 3764 so.
1289 3713 1397 3779 Loquitur
1410 3713 1442 3765 ihi
1454 3715 1586 3774 Navarettus
1600 3719 1729 3771 decasihus
1742 3720 1913 3786 quihrsdamqa

342 3791 394 3838 aute
407 3787 491 3852 aliquot
503 3801 575 3838 annos
588 3787 692 3852 protulit!
707 3786 753 3838 Sed
767 3791 789 3838 et
802 3787 857 3839 iliud
880 3789 909 3840 ad
923 3787 1004 3839 Saiesii
1015 3793 1112 3840 mentem
1163 3788 1192 3840 ad
1206 3789 1289 3840 Sacras
1303 3790 1422 3842 iiissimms
1436 3795 1548 3856 spectant,
1564 3792 1665 3858 illudque
1678 3796 1767 3860 quatit,
1782 3810 1839 3846 narn
1849 3797 1914 3860 parri

342 3862 517 3928 dignoscendam
532 3862 628 3914 maxime
647 3863 710 3925 iacit,
739 3863 832 3928 quodi
859 3863 998 3916 Richdmius
1021 3865 1110 3930 pili.
1164 3878 1221 3914 mus
1232 3866 1370 3929 opinionem
1376 3865 1527 3930 praemium
1540 3870 1790 3934 aequiparoinhiliare
1805 3873 1914 3922 astruisse

342 3937 443 4004 epistole
452 3951 499 3989 sua
514 3938 542 3989 ad
556 3937 702 3988 Baliariuium
721 3937 849 3989 annomhat.
871 3939 963 3990 Beatum
976 3939 1113 4006 Episcopum
1164 3940 1257 3990 relicta.
1275 3941 1483 4006 Respondetautem
1496 3941 1591 4001 hispano
1606 3945 1714 3997 idiomate
1724 3944 1915 4010 :diuidamus

343 4017 362 4068 i.
379 4017 391 4067 i
407 4017 575 4081 epistolarum,
601 4031 640 4081 ep.
670 4017 711 4066 iii.
737 4015 828 4068 lesuite
842 4017 961 4081 Reginaidi
978 4019 1061 4069 Valerii
1083 4019 1113 4068 de
1164 4015 1219 4077 fieri
1230 4028 1311 4079 posse.
1326 4015 1383 4067 iiac
1397 4016 1479 4080 opinio
1502 4020 1670 4082 receptissima
1684 4025 1720 4071 est
1733 4021 1914 4072 interiioeloras

341 4092 473 4156 prudentia
487 4090 698 4155 confessariorum
721 4090 805 4142 librum
819 4091 972 4143 Gehennensis
986 4093 1114 4144 Dioeceseos
1165 4088 1245 4154 Super
1271 4091 1316 4142 hac
1333 4106 1361 4142 re
1384 4093 1433 4156 iepi
1455 4097 1534 4157 potest
1560 4098 1644 4144 maier·
1660 4095 1776 4160 iiapisler
1796 4096 1875 4150 Serra.
1894 4095 1916 4146 ii.

343 4180 391 4217 suo
407 4165 557 4218 castenariis
571 4166 693 4232 plurimum
706 4166 886 4218 commendasse.
901 4168 951 4219 hlia
965 4167 1112 4219 inhonorem
1164 4165 1272 4216 Nicotaus
1286 4166 1413 4230 tiodriguea
1427 4167 1455 4219 da
1464 4167 1603 4228 Formosinn
1619 4170 1647 4221 de
1661 4183 1706 4235 qua
1715 4171 1765 4222 ride
1774 4171 1918 4224 uolontas

344 4240 420 4291 alieni
433 4248 533 4306 possent,
548 4254 588 4292 seu
601 4241 630 4292 ah
644 4241 679 4292 his
693 4242 840 4306 supersedere
854 4256 914 4293 nunc
928 4243 990 4294 iihet.
1009 4242 1043 4292 Ad
1056 4241 1113 4294 aiios
1165 4239 1289 4292 doctissimi
1301 4240 1348 4291 Viri
1372 4241 1460 4294 Nicolai
1481 4243 1582 4304 latonii,
1604 4244 1795 4298 Prohahilisnuru
1806 4251 1878 4298 toetar
1894 4247 1920 4295 ai

344 4329 359 4366 a
375 4315 532 4380 lic-champio
546 4316 710 4380 pretermissas
720 4315 847 4382 Episcopos
860 4317 1000 4382 progredior.
1165 4319 1224 4365 teet.
1241 4316 1267 4366 in
1281 4330 1335 4380 cap.
1357 4317 1504 4382 Capelianus
1519 4319 1542 4368 i.
1556 4319 1585 4370 de
1599 4318 1669 4383 [eriis
1680 4326 1766 4384 quest.
1781 4323 1807 4372 l.
1825 4323 1887 4374 ianr.
1899 4323 1919 4371 5.

380 4391 521 4458 hispalensis
532 4391 722 4456 hrchiepiscopus
739 4391 820 4443 Petrus
835 4392 906 4458 Tapla
916 4392 970 4443 oiim
985 4393 1112 4444 [lominica-
1166 4390 1264 4456 Operum
1278 4392 1414 4456 nuperrima
1428 4391 1581 4444 cabannensis
1594 4393 1743 4447 editionisan.
1753 4397 1828 4448 iili.
1836 4413 1862 4463 p.
1872 4397 1920 4449 aaa.

346 4483 388 4520 nm
408 4467 436 4518 i.
452 4467 476 4517 i.
492 4465 586 4530 Hispal.
601 4466 659 4516 edit.
675 4479 716 4516 an.
733 4465 807 4516 loiri.
821 4481 848 4532 p.
864 4465 904 4518 i7.
922 4465 1017 4531 Opinio,
1032 4469 1113 4533 inquit,
1199 4464 1298 4516 'landem
1311 4466 1334 4516 in
1349 4466 1429 4518 Galliis
1442 4467 1525 4532 prodiit
1543 4469 1677 4534 opusculum
1697 4471 1727 4521 rie
1749 4474 1861 4536 opinione
1871 4485 1922 4538 pro·

345 4545 420 4595 etiam
443 4543 526 4592 minus
536 4540 679 4605 mahaldis,
694 4544 718 4591 et
731 4542 812 4592 minus
827 4544 887 4603 tuta,
906 4542 965 4591 dum
988 4547 1069 4593 menen
1083 4545 1114 4594 sit
1167 4541 1249 4592 hahiti.
1265 4541 1325 4606 quad
1340 4543 1496 4608 receptissima
1517 4543 1604 4608 opinio,
1625 4559 1654 4595 ne
1668 4545 1718 4610 ipso
1731 4547 1822 4612 quidem
1843 4551 1923 4600 desen·

343 4617 478 4686 prolatilis
488 4617 605 4681 practice,
616 4619 695 4680 pann
708 4616 767 4680 eiipi
784 4619 836 4666 tnta
858 4618 1014 4675 conscientia,
1029 4619 1115 4669 relicta
1165 4616 1233 4667 tiente
1259 4617 1346 4668 loanne
1373 4617 1463 4669 Gisbert
1493 4617 1701 4684 hntiprohahilista‚
1735 4622 1814 4675 isaaco
1839 4625 1923 4675 uuae

343 4694 503 4760 probabiliori
517 4695 540 4743 et
561 4691 663 4741 tutiori:
681 4691 716 4741 ita
738 4691 845 4754 Mediae,
864 4693 965 4742 linones
990 4693 1114 4744 udesma.
1165 4691 1273 4743 vatreni
1288 4692 1401 4758 Episcopo
1417 4693 1503 4744 inbuit.
1521 4693 1593 4744 Porro
1607 4694 1643 4745 hic
1657 4701 1738 4747 auctor
1751 4711 1797 4750 non
1809 4699 1879 4750 saliua
1890 4711 1924 4764 pra

346 4774 370 4821 et
384 4770 429 4821 aiii
441 4769 534 4834 plures.
552 4766 610 4817 Tura
628 4781 652 4817 o.
672 4766 696 4816 6.
710 4767 787 4818 addit:
808 4769 849 4820 Vir
863 4768 947 4818 doctas
966 4769 1031 4819 licite
1037 4772 1117 4833 potest
1166 4766 1323 4818 Prohahiiistis
1337 4768 1446 4820 acerrime
1470 4773 1563 4834 pugnat,
1578 4767 1618 4820 scd
1638 4776 1757 4836 postquam
1770 4773 1814 4826 25.
1830 4774 1926 4826 amors

346 4849 432 4897 cantra
451 4843 578 4909 propriam
603 4842 742 4906 opinionem
768 4844 845 4908 sequi,
869 4847 893 4894 et
911 4843 968 4894 aliis
990 4845 1117 4894 consulere
1166 4855 1208 4906 pro
1222 4856 1300 4893 eornm
1315 4843 1425 4893 sententia
1451 4842 1565 4903 attulerat,
1594 4845 1617 4893 ιι
1645 4843 1695 4896 hac
1722 4846 1795 4898 vcrha
1821 4849 1924 4914 hasim:

346 4923 463 4972 alienam.
488 4918 588 4969 Tandem
613 4917 707 4982 querit:
722 4919 781 4982 quid
803 4921 892 4977 antem
908 4920 930 4969 si
948 4919 1055 4969 cinnam
1068 4933 1118 4970 non
1168 4917 1254 4970 Castra
1277 4917 1320 4968 liei
1342 4923 1399 4968 sunt
1423 4919 1484 4980 hac,
1511 4933 1556 4970 aec
1577 4919 1699 4983 oirpuiam
1714 4922 1810 4985 tineent,
1833 4927 1926 4989 meaque

342 4997 437 5062 judicet
451 4993 621 5060 molaiiierni
644 4993 774 5058 Respondet
794 4997 877 5052 auum,
904 5007 976 5058 passe
998 4994 1116 5059 deponam
1166 4993 1290 5055 sufficiunt
1303 4994 1335 5043 ad
1360 4993 1478 5043 tuendam
1499 4993 1634 5044 dioceseos
1659 4999 1878 5061 nonqudte'tm:
1892 4999 1927 5049 eii

346 5073 468 5124 dictamen
492 5071 629 5135 preprium,
646 5071 670 5118 ei
693 5069 818 5120 adherere
846 5070 936 5120 alieno.
966 5069 1008 5128 Oui
1038 5069 1117 5124 isthec
1164 5068 1277 5133 plurilus
1303 5080 1364 5132 opos
1388 5069 1443 5126 erit,
1468 5069 1538 5132 justa
1552 5069 1659 5133 prodiiil
1680 5073 1748 5124 acies
1773 5087 1809 5124 en
1828 5074 1926 5126 annitar

346 5149 435 5214 legerit,
453 5145 571 5198 mirabitur
580 5148 650 5206 certe,
661 5157 706 5208 qua
719 5143 793 5195 fronte
802 5144 888 5195 Natalis
895 5145 1117 5210 Alexander'l'apiam
1166 5142 1389 5194 Eccmonseeotis
1402 5143 1513 5200 collecta.
1528 5143 1603 5194 nubes
1625 5146 1735 5202 testium.
1756 5163 1847 5212 apmen
1857 5151 1926 5214 ηιρ-

346 5221 552 5290 hntiprohahilistis
568 5219 718 5271 adcensuerll.
734 5220 827 5284 ejusque
841 5220 942 5286 exemplo
956 5219 1115 5271 velotitrlon-
1168 5221 1249 5268 iarum
1276 5232 1387 5279 numero,
1416 5232 1445 5268 oe
1470 5217 1577 5283 pandere
1602 5222 1752 5273 certantium
1778 5227 1925 5278 summ

346 5301 420 5367 phana
434 5297 553 5350 calumnia
567 5293 748 5359 tie-Champium
763 5299 864 5346 nostrum
884 5294 992 5359 arguerit,
1010 5295 1070 5359 quod
1087 5295 1115 5346 ad
1168 5293 1285 5358 implehit.

346 5389 384 5426 an.
401 5375 476 5425 1659.
493 5373 581 5434 integro
596 5371 667 5421 icrrne
681 5369 765 5420 seculo
779 5369 939 5421 dominicanos
952 5383 1030 5421 ornnes
1056 5371 1116 5420 Pro·
1202 5369 1227 5421 i.
1248 5371 1283 5419 iit
1293 5371 1320 5418 h.
1343 5367 1443 5420 Coccina
1460 5368 1487 5418 ι’.
1503 5369 1528 5418 2.
1543 5367 1606 5434 App.
1618 5369 1650 5419 ari
1666 5369 1711 5422 m.
1728 5373 1822 5427 Christ.
1830 5377 1924 5442 pass,

347 5449 501 5502 hahiiistarum
508 5447 636 5512 opinionem
645 5444 761 5511 amplexos
772 5445 851 5496 luisset
863 5445 989 5511 scripserit.
1000 5446 1029 5495 ht
1042 5445 1118 5496 norint
1169 5444 1315 5510 imposturam
1334 5459 1378 5496 non
1393 5444 1508 5495 terendam
1522 5444 1580 5496 hanc
1594 5457 1653 5506 esse,
1672 5445 1806 5516 Episcopo,
1822 5459 1845 5504 et
1855 5451 1925 5504 απι-

347 5538 434 5587 omnes‚
449 5522 553 5576 Natalem
574 5521 735 5581 Alexandrum,
759 5519 819 5584 quod
837 5519 992 5572 Probabilistis
1012 5519 1118 5571 inlaterat
1169 5519 1257 5570 naiihus
1280 5520 1378 5570 tribuere
1401 5518 1601 5581 Probahiiismum
1629 5535 1709 5584 quum,
1734 5529 1924 5580 macunen
