3938 6338
685 439 864 514 QUAESTIO
885 438 1009 501 FACTI.
1577 437 1639 498 illl

102 607 264 669 Potuissem
283 607 334 669 bis
363 606 517 687 Episcopis
537 605 728 667 doctissimos
748 607 820 667 Car·
871 605 1091 668 constitutioni
1109 624 1174 670 esse
1201 607 1394 685 derogatum.
1423 605 1496 666 tum
1515 604 1636 686 quibus-

66 701 172 762 diuales
194 701 271 762 duos
298 701 477 779 adjungere,
515 698 710 760 Franciseum
731 699 820 759 Tole-
870 698 939 760 dom
972 699 1152 780 interpositis
1170 699 1251 760 istud
1274 698 1476 780 subjunpunt;
1503 698 1638 760 Dicimus

66 791 145 854 tum¹
179 798 209 854 et
235 794 389 853 loannem
418 793 456 854 de
490 793 590 870 Lugo,
623 791 676 870 qui
699 791 821 870 utrique
870 792 1010 868 ulterius,
1035 793 1118 871 quod
1144 791 1198 853 ubi
1226 791 1448 854 Monasterium
1470 793 1514 851 ita
1532 795 1636 864 tenue,

65 885 191 964 opinioni
211 885 372 946 manifeste
400 883 624 964 suffragantum
648 883 726 944 alter
752 883 820 962 qui·
870 884 954 963 quod
966 883 1104 958 foemina,
1116 901 1186 963 quas
1197 884 1292 963 recipi
1307 883 1393 963 petit,
1408 901 1473 943 non
1487 888 1588 963 posset
1600 883 1639 943 de

64 977 132 1037 dem
153 976 205 1036 lib.
228 979 247 1038 3
275 976 377 1038 instit.
408 977 562 1038 Sacerdot.
584 995 610 1036 c.
626 979 645 1038 2
659 975 738 1036 alter
748 993 821 1036 vero
870 977 960 1036 bonis
974 975 1069 1055 ipsius
1084 977 1262 1038 ltlonsste1ii
1275 975 1440 1036 sustentari
1453 974 1519 1036 sine
1541 993 1638 1055 penu-

64 1067 167 1146 disput.
190 1071 229 1129 23
244 1068 282 1128 de
309 1069 418 1147 poenit.
442 1073 516 1128 sect.
539 1067 592 1146 2§
616 1069 647 1128 2.
665 1067 726 1129 Sed
750 1085 822 1128 cum
871 1068 928 1140 ris,
945 1067 1056 1128 oblatis
1073 1068 1168 1146 gratis
1182 1068 1403 1148 spiritualibus,
1418 1074 1448 1128 et
1461 1070 1635 1147 receptione

64 1159 147 1220 ambo
177 1160 210 1220 in
242 1161 393 1222 Societato
423 1161 494 1221 lesu
530 1159 639 1241 perdiu
674 1159 819 1231 vixerint,
870 1177 1010 1239 persons
1023 1160 1119 1222 libere
1133 1159 1210 1220 lacta
1222 1161 1260 1220 ad
1271 1159 1450 1240 spiritualia,
1467 1159 1492 1219 si
1505 1179 1638 1240 persona

63 1249 145 1312 timui
164 1269 203 1312 ne
217 1250 417 1314 Adversarius
439 1271 491 1313 eos
504 1253 690 1313 lesuitarum
707 1253 820 1331 potius,
871 1251 923 1312 illa
948 1252 991 1311 sic
1003 1258 1125 1332 recepta
1147 1252 1259 1314 habeat
1285 1253 1369 1312 bona
1382 1252 1574 1332 temporalia,
1601 1255 1639 1314 de

63 1360 149 1420 quam
170 1344 384 1406 cardinalium
407 1345 534 1406 nornine
568 1343 735 1405 censendos
758 1361 822 1405 esse
872 1344 984 1423 quibus
1005 1345 1095 1423 justa
1118 1345 1371 1406 consuetudinem
1391 1345 1526 1424 regionis
1539 1353 1640 1426 potest

64 1435 263 1498 contenderet.

341 1605 467 1667 CAPUT
481 1605 534 1666 IV.

64 1745 188 1806 Priorem
221 1746 393 1808 sententium
429 1754 536 1806 veteres
565 1743 706 1826 Theolopi
732 1743 822 1806 Pari-

97 1837 195 1897 sienses
213 1837 338 1898 solemni
361 1836 475 1899 decreto
486 1837 652 1920 approbunt
668 1843 824 1918 utromque

98 1948 188 1989 omues
209 1929 330 1990 omuino
351 1929 485 1991 Doctores
505 1928 751 2010 Sor⁴donici„poi
771 1927 824 1988 doc

97 2020 197 2081 seculo
219 2020 254 2082 de
281 2017 464 2102 Theolopicis
491 2021 574 2082 rebus
601 2020 821 2082 commentarios

98 2111 260 2190 edidmunt,
293 2132 331 2174 ec
352 2113 482 2194 professo
515 2113 703 2186 examinant,
738 2119 824 2194 utque

99 2201 263 2284 defendunt.

99 2359 177 2420 Nihil
198 2359 239 2420 ad
266 2360 402 2439 priorem
426 2360 611 2421 sententiam
634 2359 823 2420 confirman-

66 2451 129 2510 dam
153 2451 303 2512 illustrius
321 2451 453 2532 proferri
475 2457 585 2531 potest,
616 2452 746 2512 solemni
770 2453 823 2512 illo

67 2542 216 2604 facultatis
257 2543 451 2622 'l'heologicsc
479 2543 656 2606 Parisicnsis
688 2544 821 2630 decreto,

67 2635 139 2712 quod
150 2641 233 2696 extat
246 2637 328 2714 apud
344 2636 524 2715 Dionysium
534 2635 773 2697 Cartlrusiauum
792 2637 824 2696 in

67 2727 185 2788 lSeut.
217 2727 288 2788 dist.
309 2729 348 2788 25
372 2746 402 2806 q.
429 2731 458 2787 3.
484 2728 533 2788 Sic
556 2727 679 2806 incipit:
699 2774 720 2804 „
745 2729 825 2795 Quia

67 2836 156 2898 nuper
186 2825 271 2879 mota
292 2824 337 2879 cst
360 2819 566 2879 controversia
600 2819 680 2880 inter
706 2819 824 2899 aliquos

67 2909 200 2972 Doctores
226 2929 319 2991 super
344 2911 498 2971 decisione
512 2911 606 2990 hujus
627 2912 822 2990 eraestionis‚

67 3007 162 3062 utuun
176 3003 210 3062 in
222 3003 328 3081 aliquo
341 3003 529 3063 Monasterio
539 3002 737 3064 loeminarum
748 3005 824 3064 reoi-

67 3111 131 3172 pere
143 3094 232 3155 liceat
244 3095 382 3173 aliquam
394 3094 554 3155 immicum
568 3095 649 3156 ultra
658 3113 825 3157 numerum

67 3203 268 3264 personarum,
294 3204 364 3264 quae
385 3186 524 3246 debonis
546 3187 726 3247 Monasterii
741 3205 825 3248 com·

67 3277 827 3359 modesinepenuriapossuntsustentarietdeper·

66 3387 134 3429 sons
154 3371 340 3450 recipienda,
370 3370 480 3430 oblatis
507 3370 602 3448 gratis
617 3371 827 3451 spiritualibus

67 3460 183 3539 exigere
205 3461 398 3541 temporalia,
435 3461 662 3541 instantiusque
687 3481 704 3523 a
732 3463 826 3524 Nobis

66 3549 213 3629 Magistris
243 3553 277 3612 in
313 3550 468 3612 Facilitate
498 3551 672 3630 Theologiee
705 3552 827 3612 Parisiis

67 3643 250 3722 congregatis
263 3643 428 3722 quaesitum
443 3649 499 3720 est,
524 3644 605 3704 utin
618 3662 653 3704 ea
667 3661 701 3704 re
723 3645 826 3705 oonsi-

67 3731 138 3794 lium
149 3735 233 3810 dare,
249 3751 382 3814 essuper
391 3735 528 3813 ejusdem
543 3734 721 3814 questionis
730 3736 828 3798 deter-

68 3825 229 3887 minatione
251 3827 327 3906 quid
348 3827 511 3901 scutimus,
539 3827 641 3886 dicere
664 3827 824 3888 vellemus.

67 3917 113 3978 ad
123 3937 210 3999 quam
231 3918 420 3998 qrtoestionem
441 3918 486 3978 ite
510 3917 699 3998 respondent:
715 3921 752 3980 ln
766 3921 828 3999 pri-

872 1437 1045 1515 disponerc,
1074 1443 1151 1498 etca
1178 1438 1362 1498 ltlonastcrio
1391 1437 1541 1501 conferre.
1562 1443 1637 1498 tunc
1721 1451 1728 1463 ·

872 1533 973 1608 potest
991 1529 1030 1589 ab
1058 1547 1094 1589 ea
1109 1529 1225 1608 aliquid
1239 1530 1302 1608 peti
1316 1528 1417 1590 solum
1431 1547 1488 1608 pro
1506 1530 1637 1590 necessi-

872 1626 934 1682 tate
943 1621 992 1681 sui
1004 1623 1102 1682 vietus
1115 1623 1180 1682 sinc
1202 1621 1319 1697 fraude,
1337 1627 1372 1682 ut
1382 1621 1496 1682 habeat
1514 1623 1638 1684 Monos-

871 1712 984 1775 terium
995 1714 1079 1774 unde
1093 1715 1153 1774 sibi
1162 1714 1324 1794 providere
1332 1713 1427 1794 possit
1440 1733 1447 1772 :
1463 1719 1493 1773 et
1502 1713 1562 1774 hoc
1575 1733 1637 1774 non

871 1805 1073 1884 intelligendo
1103 1807 1140 1866 de
1167 1808 1286 1867 actione
1312 1807 1456 1882 coactiva,
1490 1807 1532 1866 ita
1558 1808 1640 1886 quod

872 1898 1020 1976 ejiciatur,
1046 1899 1149 1959 sinon
1167 1899 1295 1974 dederit,
1320 1899 1373 1959 sed
1383 1899 1475 1977 ‘quod
1489 1899 1523 1958 in
1539 1899 1640 1958 omni-

872 1990 930 2051 bus
942 1996 1079 2052 servetur
1093 1991 1214 2051 debitus
1225 1991 1345 2066 modus,
1363 1997 1393 2052 et
1404 1990 1639 2052 rectaintentim

873 2088 904 2143 et
917 2084 1000 2162 quod
1012 2083 1072 2146 hoc
1083 2083 1307 2145 habeatlocum
1322 2083 1375 2143 ubi
1391 2091 1437 2144 cst
1451 2083 1639 2144 cousuetudo

874 2177 1056 2235 communis.
1069 2174 1386 2236 Adduotuilrilcminm
1399 2175 1524 2235 :Tutius
1537 2181 1641 2236 tamen

873 2273 929 2339 est,
947 2268 1031 2346 quod
1045 2266 1121 2328 nibil
1137 2273 1270 2346 petatur,
1298 2267 1348 2328 vel
1371 2267 1512 2344 exigatur
1526 2285 1585 2327 nec
1608 2268 1642 2327 iu

872 2359 1250 2437 hujusmodilllonasteriis
1258 2360 1640 2434 ultranumerumcsrum,

873 2469 942 2530 quac
965 2451 1031 2511 sine
1051 2451 1181 2530 penuria
1203 2452 1367 2512 sustentari
1382 2456 1518 2530 possunt,
1540 2450 1643 2530 aliqua

872 2542 1000 2602 immina
1022 2543 1197 2621 recipiatur,
1225 2549 1256 2602 et
1276 2543 1301 2602 si
1316 2543 1420 2621 aliqua
1439 2543 1514 2621 petit
1528 2543 1634 2622 recipi,

873 2634 992 2697 dicatur
1007 2635 1034 2694 ei
1052 2635 1138 2713 quod
1152 2635 1374 2694 Monasterium
1388 2652 1452 2694 non
1462 2639 1562 2712 potest
1571 2651 1640 2694 cam

873 2727 1019 2805 recipere,
1039 2725 1190 2804 quianon
1216 2726 1309 2786 habet
1330 2725 1413 2786 unde
1432 2725 1531 2804 ipsam
1545 2725 1646 2788 valeat

873 2824 1081 2893 sustentare„
1103 2817 1199 2877 Audis
1224 2817 1441 2896 Theologieam
1468 2817 1644 2878 facultatem

873 2911 917 2970 itu
952 2910 1096 2970 dirimere
1138 2914 1256 2970 momm
1290 2909 1530 2971 controversiam
1564 2908 1645 2970 inter

874 3003 995 3081 aliquos
1008 3004 1162 3076 Doctores,
1182 3019 1318 3080 quorum
1331 3001 1472 3062 videlicet
1485 3000 1537 3060 alii
1560 3001 1643 3061 affir-

874 3094 1012 3160 mabant,
1037 3093 1195 3171 negabant
1215 3093 1267 3153 alii
1286 3093 1367 3154 istud
1380 3093 1489 3154 licere:
1512 3097 1548 3152 ut
1566 3093 1647 3154 dicat

875 3187 977 3266 primo
1000 3185 1104 3257 licere,
1131 3203 1167 3245 ac
1192 3185 1258 3246 sinc
1282 3195 1407 3264 peccato
1432 3185 1501 3245 fieri
1534 3202 1642 3264 posse3

876 3277 1017 3340 Secundo
1045 3276 1143 3336 tutius
1163 3293 1237 3354 esso,
1267 3278 1292 3336 si
1320 3277 1462 3338 nuntiat.
1492 3276 1646 3337 Potuitne

876 3369 1048 3430 distinctius
1068 3373 1213 3444 statuere,
1240 3385 1279 3428 ex
1301 3369 1421 3429 duabus
1448 3368 1646 3448 opinionibus

875 3460 1096 3542 probabilibus,
1115 3477 1247 3539 quarum
1271 3461 1368 3522 altera
1381 3460 1525 3538 affirmat,
1550 3459 1646 3520 altera

875 3559 968 3632 negat
994 3552 1112 3631 aliquid
1137 3569 1202 3613 esse
1228 3559 1400 3633 peccatum,
1424 3553 1517 3614 licere
1541 3553 1645 3613 minus

875 3649 976 3704 tutam
986 3643 1152 3724 amplecti?

916 3737 1120 3798 posteriorem
1135 3735 1331 3812 sententiam,
1343 3753 1412 3815 quae
1425 3740 1456 3796 et
1465 3736 1555 3796 istam
1566 3755 1647 3798 com·

876 3829 1029 3908 plectitur,
1044 3847 1110 3888 non
1119 3829 1229 3903 obiter,
1243 3832 1274 3888 et
1292 3828 1432 3901 strictim,
1448 3828 1500 3887 sed
1510 3827 1645 3906 explica-

876 3925 940 3980 tam
950 3921 1093 4000 pluribus
1106 3925 1136 3981 et
1148 3920 1311 3998 diligenter
1324 3920 1530 3980 examinatam
1543 3920 1647 3981 deien-

67 4010 121 4070 mis
148 4011 287 4084 dicimus,
315 4011 399 4089 quod
412 4015 530 4071 attento
550 4015 657 4071 tenore
672 4011 826 4072 Constitu·
877 4013 956 4073 dunt
980 4014 1123 4073 Doctores
1152 4012 1312 4073 Sorboniei
1339 4011 1428 4091 plunc
1453 4013 1647 4091 omnesqui

67 4102 158 4162 tionis
173 4101 351 4181 apostolicas
379 4099 485 4162 loelicis
505 4103 723 4164 recordatiouis
737 4103 826 4183 Papae
876 4104 934 4164 bac
950 4110 1038 4166 aetate
1066 4105 1104 4165 dc
1128 4104 1320 4182 Theologieis
1334 4104 1426 4165 robus
1445 4104 1643 4183 scripserunt.

69 4192 207 4254 bonifacii
232 4195 307 4253 VlII
332 4193 492 4254 nonlicet
524 4195 661 4273 recipere
690 4195 827 4275 aliquam
877 4197 1036 4277 Philippus
1051 4197 1251 4257 Gemuebaeus
1274 4196 1477 4256 clarissimum
1500 4195 1647 4258 Sorbonae

68 4283 826 4364 ioemiuaminaliquoblonasteriononMendican-
876 4289 983 4349 lumen
997 4289 1031 4348 in
1044 4293 1071 4350 l.
1090 4294 1117 4350 2.
1136 4293 1245 4366 quaest.
1264 4289 1312 4349 it).
1332 4307 1398 4366 cap,
1420 4291 1451 4361 ἓ,
1465 4306 1534 4368 pag.
1555 4288 1645 4350 v53.¹

69 4375 154 4446 tium,
181 4377 261 4438 ultra
278 4393 447 4436 numerum
471 4394 686 4457 personarum,
703 4397 772 4458 quae
789 4381 827 4441 de
876 4382 919 4442 ita
939 4381 1087 4459 loquitur.
1109 4379 1219 4442 Prima
1245 4380 1367 4440 assertio
1376 4387 1434 4440 est:
1448 4399 1506 4441 non
1518 4387 1649 4441 coremur

67 4465 155 4528 bonis
174 4469 353 4530 Monasterii
366 4469 432 4529 sine
445 4468 576 4548 penuria
583 4471 748 4530 sustentari
760 4491 828 4552 pos
877 4474 909 4533 in
915 4471 1182 4554 scroeoascicmice,
1194 4471 1276 4552 sequi
1282 4470 1509 4552 probabiliorem
1516 4480 1649 4552 parterm·

69 4565 150 4619 sunt.
170 4561 206 4620 st
224 4561 300 4621 illud
329 4561 459 4621 dicimus
485 4579 550 4622 non
575 4561 677 4630 licere,
694 4563 748 4622 ubi
762 4581 827 4624 non
877 4564 925 4626 sed
938 4564 1008 4626 satis
1021 4571 1070 4639 est,
1088 4563 1115 4624 si
1139 4562 1271 4624 obsolute
1289 4582 1443 4644 sequemur
1457 4563 1646 4644 probabilem,

68 4649 194 4712 babetur
219 4654 257 4714 de
288 4653 348 4714 hoc
371 4653 560 4715 mnsuetudo
585 4656 768 4728 communis,
798 4660 830 4716 ct
877 4675 946 4738 ques
964 4656 1079 4737 peritis,
1107 4663 1136 4716 et
1157 4654 1249 4716 doctis
1258 4654 1389 4736 placeat,
1401 4655 1490 4718 donec
1516 4657 1648 4718 Ecclesia

70 4742 219 4822 diuturna,
235 4763 330 4824 quam
344 4746 425 4824 Papa
435 4745 524 4822 scire,
540 4751 571 4805 et
584 4746 716 4807 tolerare
725 4747 830 4808 verisi·
878 4753 1059 4810 contrarium
1086 4748 1241 4816 statuerit.
1267 4753 1323 4809 aut
1342 4749 1446 4828 prima
1471 4747 1527 4809 illa
1551 4748 1649 4829 opim'o

70 4834 179 4897 militer
198 4837 334 4898 creditur
353 4842 384 4898 ct
396 4855 453 4917 per
475 4855 569 4918 quam
583 4839 679 4919 possit
693 4839 829 4919 praefatae
878 4839 1234 4922 escdclisTleoloporum
1259 4839 1377 4902 omuino
1404 4839 1522 4922 eopiosa
1539 4839 1645 4920 fuerit.

71 5057 190 5126 Episcopis
211 5061 350 5126 quidpiam,
371 5065 491 5127 quotenus
508 5063 649 5129 Episcopus,
666 5065 788 5130 definierit
803 5067 830 5117 in
880 5073 997 5134 postquam
1012 5066 1645 5134 Probabilisticaeorunscriptrlatudivulmtalucrauc

72 5135 172 5198 motem
186 5137 364 5189 Probabilicmi
377 5141 406 5188 st
415 5139 549 5203 impostura
558 5141 714 5205 conserendo
726 5141 830 5194 concine
879 5157 952 5208 neque
966 5142 1022 5194 illud
1035 5143 1181 5204 inficiabitur,
1196 5143 1251 5192 nibil
1265 5143 1294 5194 ab
1303 5143 1337 5192 eis
1354 5141 1531 5205 sancitamque
1544 5141 1642 5206 priorem

73 5212 177 5263 sstmbis
196 5213 219 5264 id
232 5213 357 5275 tribuentis,
378 5214 438 5278 quod
467 5229 575 5280 numnam
598 5215 703 5267 diximus.
734 5217 830 5269 Ubinam
879 5233 942 5269 suam
956 5219 1090 5270 mutantium
1117 5217 1267 5270 retractarint.
1297 5218 1320 5267 ld
1344 5217 1407 5278 satis,
1431 5222 1455 5266 ut
1483 5215 1646 5280 Episcoporum

73 5283 215 5353 bs-clsmps,
255 5286 346 5338 ubinam
371 5287 494 5352 la-Croir,
519 5291 610 5342 ubinam
623 5291 661 5342 alii
687 5293 771 5353 dixere,
789 5293 830 5343 bos
879 5293 992 5356 suffragiis
1005 5293 1185 5344 Probabilismus
1201 5292 1246 5344 dici
1260 5293 1331 5357 possit
1345 5290 1512 5356 comprobatus.

75 5357 192 5427 become
216 5362 478 5427 mitissimum
504 5365 636 5430 Episcopus
658 5367 781 5430 definiisse
804 5369 831 5420 in
914 5370 937 5419 t.
954 5371 1018 5420 llunc
1041 5373 1115 5420 umen
1129 5367 1254 5419 ilistoricus
1276 5365 1433 5418 Probabilismi
1460 5365 1518 5415 inter
1538 5365 1647 5429 tntipro-

76 5435 177 5498 mem
192 5435 380 5487 Pmbcbilismii
406 5437 491 5490 Locum
517 5441 627 5501 ostendat,
656 5442 735 5494 reddat
752 5442 828 5497 verbs.
879 5443 995 5495 babilistas
1008 5449 1102 5505 censet;
1117 5444 1157 5494 sed
1170 5443 1275 5493 stlocum
1289 5441 1317 5490 ab
1331 5438 1646 5492 auctoreNostroindicstum

76 5509 123 5560 litn'
136 5515 204 5562 tamen
217 5511 272 5561 uibil
282 5514 306 5560 ut
317 5511 420 5578 Episcopi
438 5513 480 5565 hac
493 5515 521 5566 dc
535 5531 559 5567 re
573 5517 708 5580 definierint,
723 5518 751 5570 ad
765 5519 831 5585 spis·
879 5519 971 5580 adieris,
985 5519 1142 5571 confidentiam
1156 5517 1257 5568 historici
1271 5515 1332 5567 illius
1345 5514 1465 5578 intelliges.

78 5591 175 5649 mpetum
188 5591 262 5637 tanen
274 5587 521 5650 promotosillcsiuisse
531 5605 575 5644 uon
590 5593 708 5657 denegabit
721 5593 828 5652 mucius,
913 5594 938 5643 2.
958 5593 1086 5657 legendum
1101 5607 1153 5658 pap.
1170 5592 1227 5642 155.
