3938 6338
645 387 826 461 6666666
848 385 971 448 tucri.

45 545 181 616 66166666,
208 547 278 610 11661
303 549 423 627 6116666,
451 550 557 612 6611616
577 551 784 632 probabiliore

46 639 123 700 61166
133 639 277 720 propria¹.

74 733 201 793 Pluribus
223 752 261 794 cx
288 735 423 815 professo
443 737 483 797 da
499 736 784 798 haccontrouersia

42 823 155 904 disputat
171 825 277 887 Petrus
301 829 340 889 66
361 830 461 890 Lcrca
482 828 623 909 egregius
642 830 784 909 Complu-

41 917 118 978 tensis
138 917 304 980 Academiae
327 921 450 997 Ductor,
476 927 506 982 et
530 921 654 983 Ordinis
672 923 782 984 Cister-

39 1009 130 1070 eieusis
156 1028 192 1071 cx
224 1012 420 1074 obseruantia
445 1013 600 1093 Hispaniae
627 1015 783 1076 Generalis

38 1101 174 1180 emeritus,
193 1104 279 1184 cujus
297 1106 485 1186 singularem
503 1106 707 1168 eruditionem
724 1108 783 1168 mi·

36 1193 105 1254 tilica
115 1196 275 1273 predicant
289 1198 454 1278 Dionysius
465 1199 586 1260 Cuchus
595 1199 780 1278 inejusvita,

35 1291 60 1348 61
77 1287 188 1348 Carolus
209 1288 302 1350 Visch
321 1291 354 1350 16
377 1291 563 1353 Bibliotheca
579 1292 779 1354 Cistereiensi.

36 1379 138 1440 Nimio
153 1383 380 1443 commentariis
391 1384 430 1445 ad
441 1388 467 1445 l.
483 1386 514 1446 2.
530 1384 684 1464 Compluti
692 1386 782 1446 661116

34 1489 101 1531 auno
123 1473 206 1533 1669.
232 1474 473 1555 disputationem
489 1479 540 1538 39.
559 1477 602 1538 sic
621 1476 778 1540 inscribit:

36 1561 778 1649 lltrurnsiltutumoperari'secundumconsnentiam,

33 1673 86 1734 666
105 1657 244 1720 innititur
262 1661 399 1743 opinioni¹
404 1660 568 1744 probabili.
585 1665 624 1724 Et
637 1663 779 1726 membro

34 1750 72 1808 16.
91 1767 153 1829 pag.
169 1751 241 1814 466.
256 1759 421 1834 postquam
435 1754 583 1836 explicuit
600 1756 781 1836 opinionem

33 1847 185 1920 nagmtem,
204 1845 327 1906 subdit:
352 1845 409 1908 Est
429 1853 526 1908 tamen
538 1845 781 1930 6661666666-

32 1941 134 2013 ceptam,
154 1955 237 2018 posse
262 1938 373 2000 6666661
391 1957 601 2022 quamcumque
616 1941 780 2022 opinionem

30 2025 321 2105 pmtttempntmn
328 2032 433 2092 nonsit
442 2032 776 2113 probabilior,ettutior.

32 2118 106 2192 16666
129 2119 289 2184 doctrinam
314 2143 414 2186 veram
436 2124 554 2186 omnino
575 2144 682 2187 censeo.
698 2127 778 2187 Tum

29 2210 178 2276 1666166166
196 2234 269 2277 666
292 2215 412 2297 probat,
430 2223 460 2278 et
477 2217 517 2278 ab
531 2218 778 2280 adversariorum

29 2303 232 2382 objectionibus
241 2307 387 2370 66166611.

58 2397 106 2459 Pro
129 2418 217 2461 more
246 2419 302 2462 suo
323 2401 467 2478 breviter,
489 2407 520 2463 et
540 2408 680 2464 66666616
695 2402 778 2464 1666

27 2487 98 2550 docet
108 2490 215 2554 Petrus
229 2511 248 2554 a
263 2495 294 2555 S.
315 2494 429 2574 loseph
444 2493 604 2572 Fuliensis,
624 2495 678 2574 qui
696 2500 728 2556 ct
744 2495 777 2554 in

17 2581 190 2646 Bibliotheca
213 2585 405 2648 cisterciensi
417 2587 529 2647 merito
545 2586 689 2648 laudatur
700 2607 707 2648 :
719 2587 774 2648 lib.

27 2674 92 2735 166
104 2677 237 2756 Legibus
253 2697 319 2758 cap.
330 2681 361 2740 3.
377 2677 437 2738 ait:
455 2677 585 2739 Resolnt.
608 2681 638 2739 4.
660 2678 777 2740 illinon

22 2775 116 2844 prum,
142 2769 197 2851 qui
223 2769 360 2851 sequitur
390 2769 554 2851 opinionem
578 2769 772 2851 probabilein,

24 2857 106 2920 reliam
115 2861 330 2942 probabiliori.
344 2863 443 2936 Quam
453 2868 483 2922 61
493 2862 598 2942 paucis
611 2862 733 2942 probat,
746 2869 777 2923 61

22 2951 154 3015 66611666
180 2973 221 3016 ea
247 2954 385 3016 deductis
404 2954 774 3034 corollariismagisillus·

23 3047 79 3104 trat.

52 3136 96 3198 Sic
108 3139 201 3201 etiam
217 3139 342 3202 Carolus
354 3139 494 3201 lllalletus
508 3138 707 3199 Taiirinensis
722 3140 776 3200 Pa·

21 3229 114 3307 tritius,
142 3237 174 3294 et
199 3232 374 3293 Monachus
407 3231 612 3293 cisterciensis
640 3237 715 3291 tom.
743 3233 771 3293 1.

19 3320 317 3403 lloralisTheologiae
328 3323 464 3384 Malleat.
480 3325 510 3385 8.
521 3327 610 3384 tract.
623 3326 654 3384 1.
671 3341 702 3402 p.
720 3324 770 3384 91.

18 3412 100 3483 docet,
117 3415 236 3478 licitum
249 3434 305 3476 esse
317 3415 401 3497 sequi
413 3415 579 3496 opinionem
593 3415 690 3475 minus
702 3433 772 3496 pro-

17 3503 123 3569 babilem
136 3509 229 3570 etiam
246 3508 341 3569 minua
359 3514 465 3568 tutam.
482 3508 570 3581 Quod
584 3506 639 3567 ubi
653 3508 773 3569 ratione

18 3601 235 3662 6166616611616
263 3599 414 3681 probavit,
445 3599 555 3661 addit:
580 3599 634 3660 Ee
661 3598 774 3659 duabus

15 3691 267 3754 contradicentibus
274 3691 483 3773 probabilibus
494 3691 681 3773 opinionibus
694 3691 775 3772 quis·

16 3797 60 3860 pue
90 3785 120 3844 in
151 3784 249 3866 prasii
274 3785 357 3866 sequi
379 3791 473 3866 potest
502 3803 590 3866 quam
617 3782 770 3858 maluerit,

14 3873 117 3938 6116661
127 3877 188 3959 ipsi
197 3876 333 3958 operanti
343 3876 441 3936 minus
446 3875 612 3957 probabilis
628 3873 771 3936 uideatur.

47 3968 163 4031 6666611
198 3968 365 4048 Gregorius
398 3969 516 4048 Sagrus
544 3968 771 4044 Benedictinus‚

1545 391 1604 452 atti

833 551 932 614 tertiae
941 552 1070 613 1166616
1084 553 1159 613 anni
1177 553 1267 614 1619.
1287 571 1357 634 pag.
1375 556 1424 618 16.
1439 561 1604 636 postquam

834 643 979 724 explicuit
991 645 1176 706 sententiam
1190 645 1325 706 Medinae
1333 645 1525 724 affirmantis,
1540 647 1605 710 1161-

833 743 896 796 tum
910 755 965 798 esse
980 736 1014 798 in
1025 736 1120 818 praui
1134 737 1299 818 opinionem
1317 738 1496 819 probabilem
1510 740 1602 822 sequi,

831 825 938 890 relicta
949 827 1153 910 probabiliori,
1170 830 1269 892 varias
1283 831 1322 892 66
1337 849 1406 892 eam
1416 832 1603 894 confirman-

832 919 1049 982 damnationes
1059 922 1185 1001 profert,
1197 923 1418 985 actandemita
1430 924 1601 987 concludit:

832 1011 884 1073 bas
900 1013 995 1094 ipitur
1009 1013 1044 1074 ob
1061 1033 1183 1090 6666666,
1205 1022 1234 1076 61
1251 1015 1378 1076 rationes
1398 1013 1459 1078 boee
1476 1016 1604 1080 Maelinae

831 1104 931 1187 opinio
946 1105 1022 1167 mibi
1035 1107 1140 1184 666166,
1163 1113 1191 1168 61
1211 1115 1298 1170 rertie
1310 1109 1421 1170 rationi
1427 1109 1604 1192 conformior

830 1215 941 1278 semper
956 1198 1015 1260 6166
1029 1206 1069 1260 est
1080 1219 1092 1260 .·
1103 1207 1131 1260 et
1144 1217 1235 1280 quom
1246 1208 1310 1262 1616
1328 1203 1501 1264 conscientia
1513 1223 1601 1264 unus·

830 1291 954 1372 quisque
971 1291 1003 1352 in
1014 1293 1111 1372 praei
1122 1293 1335 1374 aequiparent

871 1384 1108 1445 Patrocinantur
1128 1385 1228 1447 61666
1252 1387 1412 1448 sententia
1432 1388 1602 1450 doctissimi

831 1491 869 1535 ex
884 1475 978 1537 variis
992 1478 1024 1538 S.
1041 1477 1193 1537 Francisci
1205 1477 1331 1538 familiis
1345 1479 1504 1559 Theologi.
1521 1482 1603 1556 Quos

830 1567 913 1630 inter
933 1587 999 1630 uon
1022 1569 1183 1650 appellabo
1207 1571 1376 1651 losephum
1398 1572 1523 1652 Angles‚
1548 1575 1602 1654 qui

829 1661 972 1740 superius
986 1680 1058 1723 cum
1072 1661 1228 1742 Episcopis
1240 1665 1425 1726 sententiam
1438 1666 1526 1726 dixit.
1543 1667 1603 1728 lni-

829 1751 908 1813 tium
924 1753 1005 1814 duco
1020 1773 1040 1814 6
1054 1754 1194 1816 Ρ6166616
1217 1755 1256 1816 66
1275 1755 1473 1818 Themeswar
1488 1758 1554 1818 uiro
1571 1759 1602 1819 in

828 1862 915 1907 saera
927 1844 1090 1927 Scriptura
1105 1847 1218 1928 eprepie
1237 1859 1356 1926 6666616,
1374 1857 1412 1928 461
1431 1850 1525 1912 habet
1541 1851 1600 1913 Va-

829 1938 940 2018 dingus
958 1939 991 1999 16
1012 1940 1199 2002 Bibliotheca
1219 1949 1294 2002 166.
1319 1945 1348 2002 1.
1378 1942 1472 2003 Aurei
1502 1943 1601 2004 Sacrae

828 2030 1003 2110 Theologiaa
1027 2032 1157 2110 Rosarii,
1180 2033 1272 2094 verbo
1296 2033 1395 2114 opinio
1415 2034 1444 2114 ἓ.
1468 2037 1516 2096 13.
1532 2035 1599 2096 ait:

830 2167 852 2198 ,‚
882 2123 942 2184 Sed
955 2142 1020 2184 non
1034 2130 1197 2186 excusatur
1214 2143 1232 2185 a
1249 2131 1373 2205 peccato
1387 2126 1422 2201 is,
1440 2127 1603 2208 66166661-

827 2218 879 2274 tur
901 2216 1081 2294 opinionem
1106 2218 1286 2294 litatorum,
1310 2237 1380 2297 quie
1401 2221 1601 2299 postmodum

828 2313 956 2386 apparet
966 2307 1054 2370 falsa.
1071 2308 1286 2389 Respondetur
1300 2311 1472 2372 secundum
1486 2312 1601 2372 Panor-

827 2400 936 2461 61166.
966 2401 1000 2460 16
1014 2419 1080 2481 cap.
1092 2402 1272 2482 Capelianus
1286 2402 1431 2480 datariis,
1447 2404 1600 2466 611666-

826 2491 924 2570 gclica
952 2493 1093 2570 Summa,
1109 2499 1141 2554 et
1167 2495 1283 2556 Antan.
1309 2496 1392 2574 quod
1422 2503 1597 2574 excusatur,

826 2591 1021 2646 necteretur
1039 2585 1135 2647 homo
1156 2604 1278 2666 semper
1290 2587 1325 2647 16
1338 2587 1513 2648 diversitate
1531 2587 1598 2668 opi·

826 2677 957 2738 616666
986 2678 1098 2757 eligere
1123 2679 1290 2754 tutiorem3
1320 2680 1393 2758 quia
1420 2681 1525 2760 opinio
1554 2685 1600 2742 est

824 2773 902 2838 tuta,
915 2787 987 2831 cum
1001 2769 1095 2831 habet
1110 2771 1273 2831 [lactarem
1287 2789 1344 2851 pro
1356 2789 1389 2833 se
1404 2773 1477 2833 satis
1490 2791 1597 2853 accep·

824 2866 901 2922 tum.
920 2862 1018 2923 ethoe
1027 2861 1139 2923 suffieit
1153 2861 1344 2939 adsalutem,
1357 2881 1429 2925 aum
1442 2863 1497 2925 tali
1512 2865 1598 2926 6616-

824 2959 897 3030 1616,
917 2955 1000 3034 quod
1013 2973 1078 3015 non
1096 2955 1269 3016 adhaereret
1282 2956 1320 3032 ei,
1338 2956 1364 3017 si
1383 2975 1446 3018 non
1461 2958 1599 3019 66666661

824 3064 1004 3108 asseverem
1018 3053 1076 3109 616.
1100 3093 1121 3124 ,,

866 3140 1018 3201 Η6661666
1033 3138 1263 3219 Villalupensis,
1280 3138 1445 3218 Hispariiee
1458 3139 1596 3203 11111666-

824 3231 880 3308 166,
907 3231 995 3311 cujus
1014 3232 1160 3293 eximiam
1178 3232 1386 3293 eruditionem
1412 3233 1490 3293 mire
1513 3251 1598 3294 com·

823 3324 951 3384 mandat
964 3323 1124 3403 Vadingus
1137 3324 1170 3384 in
1189 3323 1382 3385 Bibliotheca
1395 3324 1519 3386 Ordinis
1538 3326 1596 3387 Mi·

823 3434 948 3484 666666,
970 3422 1074 3477 66661
1091 3417 1173 3476 hanc
1191 3416 1396 3495 questionem
1409 3417 1443 3478 in
1467 3419 1598 3478 Summa

824 3508 1001 3586 Theologiai
1020 3508 1143 3569 Moralis
1160 3513 1248 3569 tract.
1277 3511 1307 3568 1.
1327 3509 1401 3569 666.
1419 3512 1468 3570 10.
1491 3509 1597 3572 Uirum

822 3599 906 3661 liceat
917 3600 1000 3682 aequi
1009 3600 1175 3682 opinionem
1181 3601 1276 3660 minut
1288 3599 1479 3682 probabilem,
1495 3601 1596 3662 relicta

821 3691 1031 3772 probabiliori.
1068 3692 1128 3754 Ubi
1156 3712 1230 3754 uero
1260 3699 1427 3772 negantem
1458 3693 1597 3772 Cajelani

822 3785 1008 3846 sententiam
1025 3785 1140 3854 retulit,
1157 3786 1196 3846 de
1209 3785 1384 3846 affirmante
1402 3786 1446 3846 sic
1458 3805 1597 3866 pronun-

823 3876 900 3938 ciat:
920 3923 941 3954 „
952 3877 1085 3956 lledina,
1100 3877 1233 3954 Lessius,
1247 3878 1396 3957 Vasquez,
1409 3883 1440 3938 et
1454 3878 1595 3940 6111666-

822 3969 954 4030 trarium
976 3969 1097 4044 docent,
1120 3969 1382 4041 66111661,1161166
1396 3989 1470 4039 csse,
1487 3970 1595 4030 relicto

12 4075 93 4136 6666
107 4061 227 4122 Pitseus
241 4061 296 4122 116.
312 4061 350 4121 66
363 4059 535 4121 illustribus
545 4059 665 4138 Angliai
674 4060 774 4140 Scrip
823 4061 969 4140 opinione
984 4062 1082 4140 magis
1098 4061 1263 4142 probabili,
1280 4061 1384 4122 minus
1398 4062 1593 4142 probabilem

13 4151 117 4214 loribus
154 4154 282 4235 insi'pni's
314 4151 486 4215 eruditionis
512 4152 610 4214 uirum
638 4153 775 4232 appellat
824 4153 920 4233 sequi.
946 4155 1046 4226 Quam
1068 4154 1264 4228 sententiam,
1293 4154 1389 4214 altera
1412 4154 1596 4235 probabilio-

11 4239 55 4306 lib.
70 4249 98 4308 7.
114 4247 216 4308 Clanis
229 4246 332 4326 Regiae
347 4265 414 4327 cap.
431 4247 460 4314 1,
477 4261 566 4306 num.
585 4247 615 4306 1.
631 4245 775 4307 editionis
824 4263 892 4307 rem
914 4263 978 4307 esse
1001 4246 1142 4307 66161166
1159 4291 1180 4323 ,,
1195 4291 1202 4306 .
1229 4246 1324 4325 Cujus
1337 4247 1513 4308 assertionis
1530 4265 1594 4308 suae

37 4401 47 4452 1
76 4403 139 4456 Adde
159 4401 307 4455 1666616666
320 4399 387 4452 bona
401 4399 455 4466 Spei
470 4397 769 4465 inApoloaemateretorta
822 4415 833 4444 ι
853 4411 878 4450 se
891 4398 1026 4464 segnensis
1042 4399 1101 4451 hanc
1117 4399 1264 4464 6666116666
1279 4412 1329 4450 esic
1347 4398 1512 4466 gmdssiman,
1529 4415 1594 4455 aam-

9 4481 81 4529 inm
91 4479 263 4532 6666666166
273 4475 329 4528 666.
346 4476 369 4526 1.
381 4491 406 4527 n.
417 4475 467 4526 161
483 4480 505 4527 61
513 4475 583 4535 1916,
595 4478 617 4526 61
626 4474 770 4525 11666666
822 4492 832 4522 ι
852 4489 896 4541 quc
905 4489 932 4525 cx
946 4474 1049 4526 instituto
1063 4474 1154 4525 minime
1168 4474 1297 4536 resolvisse,
1313 4473 1353 4526 sed
1366 4476 1442 4540 potius
1454 4479 1594 4531 excurrendo

8 4547 156 4607 16866616
171 4552 346 4615 1666616166,
362 4555 384 4602 61
393 4551 416 4601 16
431 4547 551 4602 Academia
562 4549 673 4601 Patauina
687 4550 771 4602 Sacro-
822 4567 832 4597 6
853 4563 902 4601 eam
911 4549 1003 4612 libasse,
1019 4554 1146 4616 utipparet
1159 4563 1186 4600 er
1203 4549 1299 4602 6166661.
1312 4561 1370 4600 xiii.
1382 4564 1406 4601 u.
1425 4551 1466 4604 11.
1483 4552 1507 4603 16
1520 4553 1589 4606 flue.»

4 4627 394 4695 nubibliorumintcrpreteniinl.
408 4626 563 4678 11166666
578 4627 770 4678 6666666166116
819 4623 919 4678 1166616
942 4626 1123 4692 supplementum
1146 4639 1223 4676 meum
1250 4625 1313 4690 legit,
1336 4624 1392 4688 legit
1419 4626 1478 4687 666,
1503 4630 1593 4694 quain

11 4700 133 4772 1666.
143 4706 159 4756 3
169 4705 226 4756 dub.
237 4705 277 4755 ia.
290 4718 318 4769 p.
327 4702 367 4754 13.
381 4701 506 4754 Geuuensis
515 4700 621 4754 editionis
630 4701 683 4752 anui
692 4701 768 4753 1656.
819 4700 895 4768 priore
909 4701 1006 4753 66111666
1015 4700 1155 4752 habebantur
1168 4701 1371 4766 penitudine
1385 4703 1496 4753 16666616
1510 4704 1594 4769 16616-

34 4777 108 4832 isit
122 4781 183 4832 iuter
197 4776 682 4832 666616666666166666666666666
696 4776 769 4828 Nico·
818 4776 847 4826 rii
864 4775 966 4828 dochini
979 4776 1103 4842 61666661
1118 4776 1186 4827 tom.
1215 4775 1239 4827 1.
1255 4775 1385 4842 apponat
1399 4775 1482 4830 16661.
1500 4778 1591 4833 1116161.

7 4849 49 4906 tm
61 4855 132 4908 116616
144 4856 242 4914 Moesia,
263 4855 302 4920 qni
315 4852 358 4905 sub
373 4867 457 4904 anuum
474 4853 549 4912 1691,
566 4851 769 4904 (1666666166
818 4851 860 4901 lib.
877 4849 900 4901 3.
915 4865 973 4916 pap.
999 4851 1068 4912 1316,
1084 4855 1107 4903 61
1126 4850 1283 4902 11666616ῑί666
1308 4849 1465 4904 Probabilistis
1482 4853 1593 4907 insultans

5 4939 50 4990 υ),
64 4945 130 4997 amm
146 4931 257 4982 66166666
274 4929 336 4980 illius
350 4927 489 4980 cassinensis
503 4927 631 4980 16666616
645 4927 715 4979 edidit
729 4927 770 4978 ad·
818 4925 905 4990 objicit,
920 4927 969 4980 666
983 4927 1059 4979 onnia
1072 4925 1132 4978 balle
1144 4927 1298 4978 dissimulans.
1318 4925 1396 4978 Probi
1412 4928 1512 4981 hominis
1524 4930 1591 4982 trou-

5 5007 237 5072 6661666666
251 5004 362 5058 Goniatai
376 5003 466 5058 Crisim
484 5004 514 5055 de
535 5004 713 5069 probabilitate.
736 5001 769 5054 Er
818 5003 878 5052 1661
899 5001 946 5053 Sed
959 5007 984 5054 61
996 5002 1024 5054 ad
1051 5001 1181 5054 &auersas
1208 5001 1366 5054 Benedictioos
1393 5004 1493 5067 666666,
1512 5012 1591 5058 eontra

4 5077 44 5137 ht
54 5079 385 5146 666666611661161616666
398 5079 491 5145 661666
505 5077 624 5130 Cardioale
636 5077 768 5143 tgulrioio
817 5089 896 5128 eorum
919 5077 1001 5129 librum
1017 5077 1100 5142 prodiit
1120 5091 1157 5128 aa.
1181 5077 1256 5138 1695,
1272 5077 1395 5129 Mediolani
1409 5078 1513 5132 66616616
1533 5081 1592 5132 166-

4 5151 99 5210 1116616
112 5157 286 5210 Probabilisnii
299 5155 437 5208 6666161666
461 5158 522 5205 tauto
540 5153 602 5206 hiatu
617 5153 709 5205 Jasuitis
723 5152 768 5204 ob-
817 5149 909 5202 6166661
925 5151 1049 5203 1666666111
1063 5151 1172 5204 61661661
1185 5151 1276 5203 libellus
1289 5167 1345 5204 saus
1371 5153 1450 5218 miser,
1469 5159 1494 5206 ut
1517 5156 1551 5206 661
1565 5172 1592 5208 ex

4 5227 57 5296 166
76 5233 230 5295 manendum,
257 5231 321 5282 lubet
341 5245 414 5296 66666
436 5229 571 5292 exsontes,
600 5243 649 5296 que
671 5243 695 5294 p.
725 5227 766 5282 si.
816 5225 867 5292 ipso
880 5226 946 5279 11666
969 5227 1062 5279 discas:
1084 5243 1095 5274 6
1115 5226 1140 5277 11
1161 5227 1267 5292 66666616
1289 5227 1434 5281 contutante
1455 5243 1498 5282 con
1511 5229 1534 5280 la
1550 5245 1591 5282 ra·

4 5303 110 5374 bgmtur.
132 5327 144 5356 ι
160 5307 238 5372 Neque
263 5311 367 5374 putamus
380 5305 439 5358 hano
455 5312 554 5358 6661666
571 5305 704 5356 sermotiem
719 5317 768 5356 esse
820 5324 830 5352 ι
852 5303 919 5368 gioria
936 5303 1034 5355 6611666
1048 5301 1085 5352 661
1098 5301 1243 5353 fondamento
1257 5302 1317 5354 66116
1330 5303 1456 5370 'theologii
1465 5303 1560 5364 1166616,
1577 5321 1591 5359 6

6 5383 272 5438 6666666661161666
289 5387 387 5435 666166
401 5381 576 5434 1161666666ἰωί
598 5381 722 5435 cardinalis
740 5380 768 5432 66
820 5400 830 5428 ι
851 5381 885 5432 616
898 5379 934 5432 661
952 5375 1588 5444 611666666166161666666666116661116666666166.

10 5475 19 5504 ¹
35 5461 139 5525 1661166.
165 5459 221 5512 Nan
238 5459 297 5512 idem
310 5457 504 5512 6666616666
526 5457 609 5510 161666
623 5459 766 5525 protestatur:
821 5475 831 5504 ι
853 5455 881 5507 P.
896 5455 962 5507 Tirso
976 5453 1095 5513 6666166,
1114 5451 1215 5504 discorso
1233 5457 1405 5519 istenporaneo
1419 5472 1455 5510 ec.
1477 5475 1487 5502 ι

136 5553 214 5614 Tou.
236 5553 262 5612 l.
