3992 6344
331 372 389 432 eet
1002 369 1052 431 DE
1075 367 1246 432 SlblONlA.

330 537 480 614 cantium,
509 555 579 616 quae
610 536 732 598 videtur
757 536 885 597 omnino
915 540 1044 611 remote,
1069 538 1100 596 et
1152 535 1282 596 addatur
1308 532 1454 607 conditio,
1482 532 1508 592 si
1533 530 1618 608 Papa
1645 533 1837 607 consenserit,
1859 536 1894 595 uti

330 631 477 692 indirecte
487 647 519 690 se
532 630 645 692 babere
660 629 698 690 ad
712 628 908 690 beneficium.
1151 635 1234 690 recte
1251 628 1335 689 Lesa.
1351 633 1430 686 auct.
1454 643 1482 686 c.
1499 623 1638 686 Simonis
1659 642 1687 684 c.
1702 625 1731 683 2.
1750 624 1817 684 licet
1828 627 1893 688 enin

265 724 305 784 95
370 723 450 802 §lb
466 723 605 784 Simonis
614 726 670 799 est,
683 722 787 801 siquis
799 739 864 782 non
873 720 948 781 velit
959 719 1100 782 conterre
1150 721 1338 782 consenserit
1359 719 1393 780 in
1415 717 1650 778 translationem
1673 715 1823 783 Beneficii,
1845 737 1895 780 nou

330 811 412 872 Titio
427 812 628 884 Beneficium,
652 809 712 871 nisi
729 817 884 890 negetura
899 809 983 887 Cajo,
1006 828 1098 888 quem
1150 819 1255 874 tamen
1283 811 1464 884 consentiet,
1485 829 1542 870 nec
1570 810 1746 870 consentire
1768 816 1857 890 potest
1871 812 1894 872 in

330 904 397 965 vult
415 903 473 964 sibi
493 904 607 965 habere
632 903 815 980 obligatum,
842 903 915 982 quia
933 903 1100 982 paciscitur
1151 905 1426 968 commutationem
1440 902 1608 983 spiritualis
1621 911 1679 981 pro
1692 903 1856 981 temporali.

329 995 368 1056 de
387 996 538 1056 Beneficio
561 1014 618 1076 pro
639 995 804 1076 temporali
824 995 949 1055 alterius
973 1011 1046 1072 erga
1068 1012 1100 1055 se
1189 997 1268 1076 §ab
1286 999 1339 1058 Est
1348 996 1489 1068 simonia,
1513 995 1622 1074 siquis
1636 995 1782 1073 obsequia
1798 1000 1895 1076 tempo·
1911 996 1935 1054 91

330 1087 462 1148 vicissim
475 1088 675 1168 obligatione,
699 1089 742 1148 ite
759 1089 829 1166 Ray
839 1106 868 1148 rr.
882 1088 931 1147 31.
949 1087 980 1148 Si
994 1091 1100 1147 tamen
1151 1090 1227 1152 ralia
1245 1089 1352 1151 famuli
1372 1107 1442 1168 quae
1455 1104 1655 1167 compensare
1669 1087 1762 1148 debet
1780 1089 1898 1150 mercede

329 1179 387 1240 boc
402 1180 467 1240 sine
482 1181 546 1241 ullo
563 1185 663 1260 paeto,
679 1185 711 1240 et
729 1179 917 1257 obligatione
929 1184 1097 1257 peteretur,
1150 1183 1322 1263 temporali,
1345 1182 1419 1243 velit
1438 1198 1637 1260 compensare
1657 1179 1807 1241 beneficio
1819 1181 1900 1242 Ercle

330 1289 395 1332 non
422 1279 501 1334 esset
526 1274 670 1336 simonia.
690 1273 736 1332 uti
765 1273 876 1332 docent
900 1271 991 1332 Sirar.
1016 1272 1097 1332 Less.
1151 1274 1282 1351 mastico,
1307 1275 1380 1353 quia
1405 1275 1448 1334 sic
1471 1278 1644 1334 commutat
1672 1272 1830 1351 spirituale
1856 1292 1899 1352 pro

329 1364 436 1442 Laym.
450 1365 531 1446 apud
545 1365 628 1426 Pirh.
645 1385 676 1424 rr.
692 1367 759 1427 138.
776 1364 921 1443 qrrianon
934 1362 1101 1424 haberetur
1151 1367 1325 1446 temporali,
1340 1365 1424 1446 quod
1438 1371 1484 1426 est
1494 1365 1668 1425 virtualiter
1681 1366 1814 1425 vendere
1830 1366 1899 1444 spiri-

329 1457 409 1517 ratio
424 1458 525 1536 pretii,
550 1477 604 1518 seu
622 1456 873 1518 commutationis
887 1473 944 1535 pro
966 1473 1000 1515 re
1014 1455 1101 1534 spiri·
1151 1459 1234 1520 tuale
1246 1480 1253 1519 :
1267 1460 1291 1520 si
1304 1465 1410 1520 tamen
1423 1459 1599 1519 mercedem
1612 1457 1818 1536 temporalem
1829 1457 1901 1518 dede·

330 1549 419 1610 tuali.
1150 1552 1192 1611 rit
1216 1570 1323 1631 parem
1349 1552 1483 1626 servitio,
1508 1557 1539 1611 et
1553 1549 1689 1611 famulus
1703 1567 1744 1609 ex
1768 1551 1901 1612 occasiun

266 1631 305 1692 96
370 1640 397 1719 ἓ·
413 1644 464 1702 13·
480 1641 513 1701 Si
533 1641 603 1721 quis
626 1658 665 1703 ex
681 1659 762 1702 Vana
776 1639 944 1719 gloria‚vel
963 1639 1101 1718 appetitu
1152 1644 1269 1706 servitii
1292 1643 1446 1704 invenerit
1463 1642 1597 1722 gratiam
1628 1642 1712 1721 apud
1736 1642 1903 1717 collatorem,

330 1732 428 1794 laudis
443 1733 580 1795 conferat
594 1735 683 1795 alteri
705 1733 905 1808 Beneficium,
921 1750 986 1794 uon
999 1737 1044 1792 est
1057 1732 1100 1790 si·
1151 1737 1282 1815 ideoque
1296 1737 1423 1797 collator
1448 1734 1626 1808 inclinetur,
1637 1740 1668 1794 et
1681 1733 1905 1794 conferatltenc-

330 1826 448 1903 monia,
463 1827 511 1887 uti
525 1844 594 1888 cum
606 1826 766 1888 communi
778 1825 883 1885 Alloza
903 1842 929 1886 v.
950 1821 1098 1901 Simonis,
1152 1829 1277 1897 licium,
1305 1829 1380 1890 item
1394 1828 1419 1888 si
1439 1827 1575 1888 famulus
1588 1826 1684 1905 gratis
1706 1826 1853 1898 servierit,
1867 1827 1903 1886 rel

330 1935 353 1977 a.
367 1919 397 1978 1.
408 1939 439 1980 rr.
457 1920 505 1980 33.
532 1919 648 1980 addens
666 1937 723 1999 per
743 1935 859 1979 munus
872 1935 890 1976 a
904 1916 1012 1994 lingua
1026 1921 1101 1977 tunc
1153 1938 1209 2000 pro
1223 1922 1321 2001 pretio
1335 1920 1448 2000 impari
1460 1919 1628 1994 laboribus,
1643 1921 1675 1978 et
1687 1917 1905 1978 dominusu'ris

329 2008 432 2070 solum
444 2010 562 2070 incurri
575 2011 750 2087 simoniam,
765 2008 889 2088 mando
913 2026 951 2068 ex
964 2007 1017 2067 illo
1032 2025 1101 2087 spe-
1152 2012 1210 2074 sim
1231 2031 1403 2093 propensus
1421 2011 1558 2073 conferat
1582 2011 1611 2072 ei
1633 2009 1835 2084 Beneficium,
1856 2029 1906 2070 nou

330 2105 417 2160 ratur
436 2103 614 2182 temporalis
636 2103 761 2174 utilitas,
780 2101 913 2179 dicitque
933 2099 1014 2162 hauc
1034 2117 1101 2160 sen·
1152 2105 1210 2165 erit
1223 2105 1365 2177 simonia,
1377 2111 1451 2166 tunc
1462 2104 1547 2165 enim
1559 2103 1696 2182 praestita
1706 2102 1849 2180 obsequia
1857 2121 1905 2162 non

331 2195 461 2255 tentiam
476 2213 541 2255 esse
556 2212 754 2256 communem
771 2195 831 2254 el).
1151 2197 1267 2258 habeut
1279 2198 1430 2258 rationem
1440 2196 1541 2276 pretii,
1560 2195 1613 2256 sed
1624 2200 1750 2255 tantum
1763 2195 1906 2254 conciliant

268 2293 306 2352 et
372 2285 454 2364 §te
472 2289 526 2347 Est
539 2287 678 2348 Simonis
699 2287 813 2347 servire
835 2284 923 2346 alteri
942 2284 1008 2345 sine
1022 2284 1098 2344 sala-
1152 2289 1413 2364 benevolentiam,
1437 2307 1455 2348 a
1479 2305 1541 2366 qua
1553 2287 1693 2367 procedit
1710 2287 1813 2365 gratia
1825 2287 1905 2346 Bruc-

332 2378 391 2454 rio,
405 2397 477 2440 cum
500 2385 588 2458 pacto
608 2380 716 2440 saltem
738 2378 841 2454 tacito,
857 2383 892 2436 ut
905 2377 983 2450 loeo,
998 2376 1100 2436 salarii
1152 2380 1231 2442 ficii:
1248 2382 1390 2461 quamvis
1411 2381 1471 2441 hoc
1483 2380 1630 2440 ultimum
1651 2398 1718 2440 non
1732 2382 1908 2458 careatperi-

332 2471 460 2552 accipiat
471 2472 669 2546 beneficium,
691 2471 737 2530 uti
752 2471 777 2530 si
791 2470 859 2549 quis
876 2469 957 2529 dicat
970 2487 1002 2528 se
1022 2469 1100 2530 velle
1152 2475 1233 2552 culo,
1257 2480 1287 2536 et
1311 2474 1411 2553 specie
1437 2471 1590 2546 simoniae,
1617 2471 1664 2532 uti
1692 2477 1806 2532 notant
1832 2471 1906 2530 Suar.

331 2565 445 2624 servire
464 2565 559 2644 gratis
581 2565 630 2625 vel
651 2563 691 2623 ob
711 2563 857 2624 salarium
880 2562 974 2622 nimis
997 2561 1100 2622 modi·
1152 2567 1306 2645 etLaym.
1323 2566 1407 2645 apud
1424 2565 1508 2626 Pirh.
1534 2584 1565 2624 a.
1582 2565 1651 2624 137.
1676 2563 1765 2642 quod
1780 2565 1804 2623 si
1819 2563 1909 2623 collato

331 2673 413 2730 cum,
443 2661 474 2717 et
500 2661 605 2718 tamen
631 2656 691 2717 hoc
713 2656 779 2735 ipso
803 2673 841 2715 ex
864 2653 1102 2714 circumstantiis
1152 2659 1306 2720 Beneficio
1326 2659 1404 2720 alter
1420 2665 1562 2737 pergeret
1580 2657 1695 2718 servire
1712 2657 1783 2716 sinc
1806 2656 1907 2731 salario,

331 2754 435 2810 causet
454 2750 487 2810 in
508 2768 556 2825 eo,
572 2750 623 2810 cui
637 2749 742 2822 servit,
763 2747 985 2826 obligationem
999 2746 1038 2806 ad
1051 2765 1100 2808 re·
1151 2752 1294 2814 habendo
1309 2750 1498 2812 Beneficium
1511 2751 1545 2810 in
1559 2749 1839 2810 commutationem
1850 2749 1909 2808 sala-

331 2842 561 2903 munerandum
576 2841 736 2902 servitium
749 2859 806 2920 pro
821 2839 984 2901 collatione
1005 2837 1099 2898 bene·
1152 2845 1201 2922 rii,
1217 2850 1295 2905 esset
1316 2844 1459 2916 simonia,
1482 2843 1529 2903 uti
1543 2859 1615 2903 eum
1636 2841 1705 2902 aliis
1718 2841 1807 2903 Pirh.
1827 2861 1855 2902 a.
1868 2843 1906 2902 86.

330 2929 403 3007 licii,
426 2931 656 3009 quodsorviens
670 2948 725 3010 per
737 2929 797 2990 hoc
810 2927 952 3000 intendit,
974 2927 1015 2985 ita
1029 2945 1101 2986 cum
1153 2941 1183 2997 et
1197 2938 1301 3016 Ray-11,
1323 2953 1405 2996 aum,
1423 2937 1472 2996 35¹

278 3093 281 3100 Δ
332 3022 399 3082 eliis
411 3023 492 3102 Ray.
509 3043 540 3084 n.
556 3025 608 3100 31,
619 3023 692 3084 binc
706 3022 810 3100 plures
821 3038 892 3081 cum
907 3019 990 3079 Pirh.
1006 3039 1036 3078 η.
1049 3021 1098 3080 86.
1191 3029 1218 3107 §.
1235 3031 1284 3089 11.
1314 3029 1351 3088 Et
1376 3027 1509 3088 simonia
1531 3026 1575 3086 sic
1595 3023 1709 3104 pacisci
1724 3044 1798 3086 cum
1812 3024 1947 3104 aliquali

333 3114 451 3191 dicunt,
478 3116 504 3175 si
531 3116 600 3196 quis
627 3132 735 3175 revera
761 3113 857 3192 gratis
883 3111 1006 3184 serviat,
1036 3130 1100 3172 non
1152 3121 1206 3200 qui
1231 3121 1437 3182 ministerium
1464 3119 1557 3180 etiam
1591 3117 1754 3196 spirituale
1783 3125 1909 3198 praestat:

331 3205 444 3266 debere
472 3207 586 3268 servire
604 3205 814 3286 principaliter
840 3204 898 3264 bac
916 3204 1097 3279 intentione,
1151 3211 1278 3274 habebis
1303 3230 1407 3273 anime
1420 3230 1478 3291 pro
1492 3210 1644 3290 stipendio
1659 3215 1791 3272 centum
1809 3229 1909 3280 aureos,

331 3303 367 3360 ut
380 3298 567 3360 beneficium
595 3300 743 3374 obtineat,
767 3296 905 3376 alioquin
920 3295 985 3357 iore
1006 3296 1099 3358 simo-
1151 3303 1250 3366 douae
1264 3305 1438 3366 curaverim
1459 3303 1517 3363 tibi
1533 3303 1738 3376 beneficium,
1755 3304 1842 3383 eujus
1854 3321 1910 3383 pro-

332 3389 428 3466 niam,
444 3391 517 3470 quia
531 3391 671 3452 intendet
678 3390 756 3450 illud
765 3388 985 3468 aequivalenter
998 3407 1100 3451 emere
1151 3403 1262 3458 remus
1286 3397 1344 3458 tibi
1366 3396 1497 3458 afferant
1519 3401 1646 3456 centum
1659 3414 1787 3470 aureos,
1801 3402 1910 3476 tumque

331 3482 391 3543 isto
404 3484 529 3545 servitio
546 3503 553 3544 ε
579 3483 663 3544 addit
677 3482 765 3544 Certi·
791 3501 817 3542 c·
833 3481 863 3541 5·
876 3487 935 3542 art·
950 3482 978 3542 3·
996 3481 1021 3540 Si
1036 3499 1098 3542 ser·
1152 3488 1345 3550 continuabis
1357 3495 1449 3549 tuum
1463 3487 1622 3568 spirituale
1640 3488 1852 3550 ministerium
1864 3509 1870 3548 :
1882 3488 1913 3546 sic

331 3574 405 3653 viat,
426 3574 476 3637 vel
489 3581 614 3656 praestet
625 3575 794 3655 temporale
809 3574 992 3652 obsequium
1007 3574 1100 3634 eliam
1152 3582 1238 3643 enim
1252 3583 1287 3642 lit
1295 3581 1484 3661 permutatio
1493 3580 1661 3641 ministerii
1675 3581 1847 3662 spiritualis
1858 3597 1913 3640 cun

332 3668 513 3730 secundario
539 3673 663 3729 tentum
689 3686 728 3727 ex
750 3667 803 3727 illo
829 3665 901 3740 fine,
926 3665 952 3725 Sl
974 3666 1101 3747 perhoe
1151 3673 1302 3735 beneticio
1323 3673 1488 3753 spirutuali:
1517 3673 1620 3734 omnis
1641 3680 1752 3734 autem
1777 3675 1915 3754 pectinat

332 3767 458 3822 moreat
470 3760 681 3823 conterentem
702 3758 889 3821 addendum
901 3757 1098 3833 beneficium,
1152 3766 1341 3845 permutatio
1360 3766 1455 3826 etiam
1478 3765 1525 3826 rei
1551 3765 1724 3844 spiritualis
1750 3785 1825 3828 cum
1838 3765 1913 3848 spiri-

331 3851 397 3914 lore
411 3853 587 3929 simoniam,
603 3853 676 3932 quia
687 3857 812 3932 praestat
835 3850 1004 3930 temporale
1018 3851 1103 3912 velut
1152 3856 1228 3918 tuali
1242 3858 1277 3919 in
1290 3858 1420 3919 materia
1431 3857 1630 3918 beneficiaria
1648 3864 1694 3918 est
1707 3857 1914 3928 simoniacas

333 3944 485 4005 motivum
498 3945 592 4006 dandi
603 3944 772 4024 spirituale,
786 3943 869 4022 quod
879 3947 924 4003 est
933 3942 1103 4004 virtualiter
1152 3955 1258 4011 tamen
1284 3950 1452 4030 Episcopus
1482 3950 1650 4010 constituat
1688 3951 1786 4012 alicui
1822 3971 1838 4012 e
1867 3950 1914 4009 suis

331 4035 409 4097 illud
424 4043 616 4098 commutare
639 4054 712 4097 cum
730 4036 791 4096 illo.
810 4035 844 4096 Si
857 4040 962 4096 tamen
977 4036 1100 4112 seruiat,
1152 4041 1356 4104 familiaribus
1381 4042 1575 4122 pensionem,
1605 4042 1707 4104 donea
1744 4045 1775 4104 ei
1799 4043 1915 4106 euaserat
1966 4051 1967 4090 i

321 4129 513 4208 ·velpraestet
526 4129 710 4208 obsequium
724 4127 871 4206 primario
885 4133 1011 4206 propter
1024 4145 1103 4188 mer·
1152 4134 1347 4209 beneficium,
1376 4153 1440 4195 non
1465 4140 1511 4195 est
1537 4134 1681 4208 simonia,
1710 4141 1749 4196 ut
1772 4155 1845 4198 curn
1864 4133 1914 4196 allis

331 4220 449 4296 cedern,
466 4227 497 4282 et
516 4221 696 4282 secundario
709 4220 828 4280 habens
841 4237 926 4299 spem
941 4215 1107 4281 obtinendi
1154 4225 1257 4287 blloza
1269 4247 1294 4287 s.
1308 4233 1339 4288 4.
1364 4246 1393 4287 e.
1412 4228 1462 4286 35.
1479 4227 1569 4303 Item,
1592 4224 1632 4286 Si
1646 4225 1831 4308 Episcopus,
1854 4237 1915 4288 ante

332 4312 372 4373 ab
386 4331 422 4372 eo
433 4314 633 4389 Beneficium,
650 4320 770 4373 nonest
784 4311 925 4386 simonia,
941 4312 967 4372 si
980 4312 1103 4390 perhoc
1152 4337 1241 4398 quam
1270 4318 1362 4378 alicui
1378 4317 1557 4398 Beneficium
1576 4319 1725 4396 conserat,
1743 4319 1780 4380 ob
1800 4319 1913 4400 olr'pucrr
1966 4333 1968 4398 Ι

332 4422 399 4466 non
412 4405 554 4466 intendat
573 4423 698 4466 movere
713 4404 889 4465 collatorem
904 4403 941 4463 ad
955 4421 1101 4483 compen·
1152 4429 1269 4471 causam
1297 4409 1482 4471 ordinaverit
1504 4408 1624 4490 aliquid
1645 4409 1915 4474 subtrahendum&
1966 4417 1968 4480 l

332 4497 466 4559 sendum
484 4497 560 4558 illud
583 4496 752 4577 temporale
774 4514 829 4576 pcr
852 4495 1020 4574 spirituale,
1038 4495 1101 4557 imo
1153 4501 1297 4581 fructibus
1319 4501 1463 4579 Beneficii
1486 4500 1668 4582 conserenti,
1685 4511 1715 4563 et
1743 4505 1779 4565 in
1787 4505 1916 4585 pisan

332 4589 359 4649 si
370 4590 494 4666 serviat,
514 4590 562 4650 vel
580 4589 727 4669 obsequia
749 4593 874 4667 praestet
887 4593 1016 4648 omniuo
1030 4607 1100 4666 gra·
1125 4629 1128 4635 -
1155 4593 1388 4675 experiendum,
1404 4613 1462 4654 nort
1477 4602 1518 4653 est
1538 4592 1687 4654 illicitum
1697 4617 1710 4662 ,·
1722 4597 1752 4656 si
1764 4616 1830 4658 vero
1842 4595 1874 4656 ab
1884 4615 1913 4666 ro,

333 4681 383 4755 tis,
399 4687 524 4761 aut,pro
536 4683 635 4762 pretio
653 4681 766 4760 impari
779 4679 947 4755 laboribus,
968 4681 1021 4742 sed
1035 4681 1101 4742 sine
1149 4687 1200 4747 eui
1212 4685 1390 4766 Beneficium
1411 4685 1546 4765 confert,
1572 4686 1711 4764 requirat
1736 4687 1857 4770 aliquid
1874 4686 1914 4747 sili

333 4781 422 4853 pacto
447 4775 541 4836 etiam
560 4775 665 4845 tacito,
682 4773 824 4851 quamvis
846 4791 917 4832 curn
939 4791 991 4852 spe
1007 4775 1101 4834 Bene·
1151 4778 1285 4839 estliberi
1298 4777 1333 4840 de
1344 4778 1492 4858 fructeta
1508 4777 1596 4838 illins
1610 4777 1775 4856 Beneficii,
1793 4780 1863 4842 idem
1875 4789 1912 4848 ra,

333 4865 406 4938 ficii,
428 4867 517 4926 Suar.
544 4867 651 4945 Saym.
679 4867 763 4925 Less.
786 4865 899 4944 abique
914 4883 985 4926 cum
1000 4867 1098 4945 Rayn.
1150 4871 1219 4932 acsi
1229 4870 1352 4952 aliquod
1365 4891 1470 4931 munus
1483 4869 1559 4930 obeo
1574 4871 1720 4950 eriperet.
1739 4883 1767 4934 et
1782 4893 1837 4934 non
1852 4879 1913 4934 roret

333 4979 366 5018 a.
382 4960 431 5019 35.
444 4964 475 5019 et
488 4959 574 5018 Pirh.
592 4979 622 5020 rr.
639 4960 708 5018 l35.
726 4958 838 5018 docent
851 4975 916 5017 non
929 4957 995 5017 iore
1010 4957 1101 5018 simo·
1152 4963 1375 5024 uitioazinonioe.
1395 4963 1427 5024 S.
1444 4963 1501 5023 Tb.
1516 4965 1546 5023 1.
1563 4965 1594 5023 b.
1618 4983 1649 5044 q.
1670 4967 1745 5026 100.
1769 4976 1828 5028 art.
1852 4969 1877 5025 1.
1890 4965 1912 5023 ir

334 5052 435 5126 niam;
451 5051 536 5113 addit
560 5050 674 5112 Saucb.
690 5050 773 5129 apud
788 5050 874 5111 Dian.
891 5069 925 5131 p.
948 5053 977 5110 1.
1003 5057 1044 5110 tr.
1070 5054 1100 5111 1.
1150 5055 1219 5133 fine.

336 5141 374 5204 R.
389 5145 458 5204 itt.
475 5144 568 5204 etiam
581 5161 646 5203 nou
659 5142 736 5218 iore,
746 5142 887 5220 quamvis
896 5143 1104 5222 principaliter
1191 5147 1219 5225 ᾗ.
1244 5149 1294 5208 22.
1319 5147 1352 5208 Si
1372 5147 1441 5226 quis
1459 5148 1621 5227 promittat
1634 5148 1729 5211 alteri
1740 5171 1774 5214 se
1788 5167 1911 5232 maguam
1927 5146 1956 5208 ili

335 5236 465 5298 serviret
485 5255 524 5298 ex
538 5255 591 5317 spe
606 5235 771 5297 Beneficii:
797 5253 829 5294 se
842 5240 948 5295 autem
966 5235 1103 5313 obligare
1152 5239 1293 5319 pecunia
1317 5257 1475 5299 summam
1498 5239 1737 5318 assignaturum
1751 5244 1786 5305 in
1800 5244 1912 5306 eleemo-

220 5355 223 5360 ·
336 5329 375 5388 ad
390 5329 539 5402 dandum,
554 5329 604 5389 vel
613 5327 866 5408 permutandum,
882 5327 930 5386 vel
940 5327 1103 5404 resignan—
1153 5349 1264 5411 synam
1278 5332 1476 5411 pauperibus,
1504 5331 1553 5392 rel
1573 5334 1627 5412 pio
1641 5333 1727 5408 loco,
1746 5338 1772 5398 si
1787 5337 1909 5399 conterat

337 5418 415 5479 dum
441 5419 626 5481 beneficium
650 5422 769 5481 ratione
801 5419 916 5480 servitii
943 5419 981 5478 ad
1008 5419 1104 5480 altero
1156 5423 1202 5482 vel
1226 5423 1371 5502 impetret
1392 5424 1420 5484 ei
1443 5423 1645 5498 beneficium,
1665 5427 1768 5490 dlloz.
1789 5449 1819 5490 a.
1837 5429 1910 5490 mc

339 5511 478 5592 praestiti,
505 5511 555 5571 vel
579 5512 756 5590 praestandi,
782 5516 828 5572 est
863 5511 1005 5587 simonia,
1035 5511 1106 5572 licet
1156 5513 1244 5574 Soria
1271 5515 1351 5593 apud
1372 5515 1460 5575 Dian.
1478 5534 1511 5595 p.
1528 5517 1577 5576 11.
1594 5523 1635 5578 tr.
1653 5519 1683 5578 6.
1697 5519 1738 5582 R.
1765 5524 1814 5583 31.
1828 5521 1909 5581 dicunt
