3938 6338
319 363 379 424 ets
922 371 1037 435 LIBER
1057 374 1295 438 Puoononus

317 546 386 592 rem
398 537 520 611 partem
533 533 781 614 interpretemur.
800 537 890 604 Quod
898 538 984 600 enim
990 541 1086 621 scrIp·
1176 544 1267 604 XIII.
1283 543 1461 622 Ignorantia
1470 543 1553 620 facti,
1565 561 1629 604 non
1639 542 1731 622 juris,
1747 549 1865 606 exeunt.

319 629 387 686 tum
409 628 455 684 est
475 624 568 706 (apud
591 627 665 692 Luc.
688 626 731 710 6.)
754 629 810 692 Er
827 629 1086 710 (roctibrncorum
1176 639 1264 698 XIV.
1288 639 1368 700 Cum
1389 637 1458 717 quis
1480 637 1514 697 in
1532 637 1584 714 jus
1607 635 1745 698 succedit
1767 635 1881 713 alteriru

320 716 493 798 coqnoscetr's
506 736 561 794 eos,
578 719 616 782 de
628 720 799 784 manifestis
818 723 1087 805 maternosque
1131 730 1249 808 justam
1263 730 1445 809 ignorantie
1460 748 1600 808 massam
1619 733 1762 790 eensebn
1778 727 1881 792 bebere.

319 827 383 868 non
402 816 531 888 possunt
549 811 632 875 bono
652 813 757 876 animo
779 813 867 894 fieri3
883 821 919 878 ut
931 822 1084 897 stuprum,
1176 824 1249 884 XV.
1273 823 1348 886 Odia
1375 822 1531 901 restringi,
1560 827 1591 884 et
1616 822 1738 884 favores
1763 822 1883 884 coercuit

317 900 526 981 blasphemiae,
551 903 644 978 berta,
668 907 841 984 ebrietates,
862 915 893 969 et
911 909 1032 978 slmilia.
1050 911 1088 972 de
1136 916 1292 994 ampliari.

319 994 530 1075 quibusnobis
540 998 728 1076 permittitur
736 999 885 1077 judicare.
1176 1009 1265 1070 XVI.
1288 1011 1389 1085 Decet,
1405 1025 1585 1070 concessum
1599 1027 1619 1069 a
1632 1007 1773 1086 Principe
1784 1005 1883 1068 benefi-

360 1087 417 1148 ΙΙΙ.
441 1088 552 1150 Utilius
576 1091 755 1152 scandalum
778 1094 863 1154 nasci
885 1096 1085 1174 permittitur,
1137 1100 1221 1161 cium
1235 1120 1299 1162 esse
1315 1119 1510 1163 mansurum.

319 1197 413 1258 qnam
427 1181 539 1241 veritas
552 1181 756 1263 relinquatur.
1176 1195 1280 1255 XVII.
1302 1194 1463 1254 Indidtum
1476 1193 1576 1272 ajuro
1589 1191 1775 1254 beneficium
1787 1197 1884 1250 nonest

360 1272 415 1332 IV.
438 1273 526 1346 Quod
535 1292 600 1336 non
609 1281 654 1338 est
667 1276 786 1338 ltcitum
800 1279 834 1340 in
846 1278 914 1358 lege
924 1281 1088 1343 necessitas
1137 1286 1230 1348 alicui
1243 1285 1458 1348 auferendum.

319 1364 392 1424 feeit
404 1365 534 1428 licitum.
1176 1381 1297 1440 XVIII.
1315 1381 1384 1440 Non
1397 1379 1649 1440 firmaturtractu
1658 1376 1885 1457 temporisqnod

359 1458 400 1518 V.
424 1458 513 1524 Quod
534 1459 674 1538 latenter,
694 1468 748 1524 aut
765 1482 822 1543 per
843 1465 918 1542 vim,
934 1466 984 1528 vel
1001 1467 1086 1548 alias,
1138 1473 1257 1550 dejure
1271 1473 1310 1532 cd
1325 1471 1414 1533 initio
1428 1489 1494 1532 non
1507 1470 1656 1532 subsistit.

319 1549 422 1610 illicite
431 1550 644 1614 introductum
660 1559 718 1616 est:
731 1555 1088 1622 nulledebetstabibtate
1177 1567 1265 1627 XIX.
1290 1565 1359 1626 Non
1371 1569 1418 1626 est
1438 1565 1505 1625 sine
1531 1581 1649 1640 caussa,
1661 1562 1770 1644 qntrei
1791 1564 1885 1642 quoad

320 1641 495 1706 substetere.
1138 1675 1211 1719 eum
1225 1658 1369 1737 pertinet,
1386 1676 1418 1718 se
1431 1657 1592 1718 immiscet.

359 1735 414 1795 VI.
439 1736 475 1796 In
489 1736 556 1815 Ipso
575 1756 691 1800 caussae
705 1739 794 1802 initio
808 1759 872 1804 non
887 1748 932 1803 est
943 1745 1088 1822 quaestio·
1178 1753 1249 1812 XX.
1269 1751 1378 1811 Nullus
1392 1750 1534 1830 pluribus
1545 1750 1592 1810 uti
1602 1746 1824 1810 defensionibus
1833 1765 1887 1828 pro

319 1826 412 1888 nibus
425 1827 645 1893 inchoandum.
1138 1843 1272 1904 hibetur.

359 1922 430 1983 VII.
457 1923 613 2002 Quidquid
636 1925 669 1984 in
692 1925 816 1986 seeretis
844 1928 906 1988 Deo
927 1927 1031 2005 rebus,
1060 1933 1090 1988 et
1179 1937 1269 1996 XXI.
1290 1937 1378 2010 Quod
1397 1935 1492 1996 semel
1511 1933 1637 2015 placuit,
1653 1932 1783 2012 emplius
1800 1930 1885 2011 dIspli-

320 2013 475 2094 Episcopis
489 2016 603 2094 injuste
622 2016 735 2095 agitur,
751 2037 808 2098 pro
823 2019 984 2094 sacrilegio
997 2038 1090 2099 repu-
1139 2045 1208 2089 cere
1220 2047 1285 2088 non
1296 2033 1408 2108 potest.

319 2111 414 2184 tatur,
431 2109 504 2187 qnia
525 2127 610 2170 sacra
623 2116 706 2188 sunt,
722 2118 785 2172 eta
803 2130 962 2192 quoquam
980 2113 1090 2174 violari
1178 2121 1283 2182 XXII.
1307 2121 1377 2181 Non
1391 2119 1482 2180 debet
1492 2119 1602 2198 aliquis
1616 2117 1743 2179 alterius
1753 2117 1821 2178 odio
1833 2134 1886 2196 pre

320 2199 520 2264 nondebent.
823 2275 833 2288 .
1138 2213 1271 2291 gravari.

360 2292 449 2354 VIII.
462 2295 522 2360 Qui
535 2315 574 2356 ex
586 2297 697 2358 timore
704 2297 776 2358 facit
788 2303 989 2377 praeccptum,
1001 2297 1090 2358 aliter
1179 2305 1301 2365 XXIII.
1326 2303 1399 2364 Sine
1415 2303 1515 2382 culpa,
1531 2302 1591 2362 nisi
1605 2301 1703 2364 subsit
1716 2319 1829 2377 mussa,
1839 2319 1888 2362 non

319 2403 416 2464 quam
429 2387 549 2456 debeat,
566 2388 638 2450 facit
650 2408 658 2464 ;
672 2395 702 2450 et
712 2389 781 2450 ideo
791 2391 858 2469 jem
870 2408 935 2451 non
945 2391 1027 2452 faett.
1140 2402 1185 2457 est
1198 2396 1307 2475 aliquis
1321 2396 1509 2475 puniendus.

359 2481 417 2540 IX.
441 2480 557 2542 Dessest
583 2487 735 2561 peccator,
768 2483 841 2562 quia
867 2482 1027 2544 offendens
1057 2484 1090 2546 in
1179 2490 1298 2550 XXIV.
1324 2489 1412 2563 Quod
1431 2488 1500 2567 quis
1522 2487 1670 2548 mandato
1694 2486 1766 2546 facit
1786 2485 1888 2564 judicis,

319 2590 394 2648 uno,
410 2571 506 2632 tactus
520 2578 566 2633 est
579 2574 721 2636 omnium
734 2593 818 2636 reus.
1139 2581 1210 2641 dolo
1228 2581 1329 2642 facere
1345 2599 1411 2642 non
1429 2581 1562 2656 videtin,
1580 2597 1653 2640 cnm
1673 2577 1785 2640 habeat
1802 2593 1891 2658 parere

358 2665 400 2726 X.
423 2665 498 2726 Non
518 2669 618 2745 potest
638 2685 702 2728 esse
727 2666 860 2728 Pastoris
879 2667 1045 2745 excusatio,
1065 2669 1091 2729 si
1139 2689 1274 2732 neoesse.

319 2756 411 2836 lupus
425 2775 497 2817 oves
511 2759 655 2833 comedit,
674 2766 704 2819 et
716 2766 820 2839 pastor
832 2760 938 2820 nescit.
1180 2765 1282 2825 XXV.
1306 2763 1392 2824 Mora
1406 2779 1462 2822 sua
1475 2761 1602 2822 cuilibet
1615 2767 1662 2821 est
1670 2760 1788 2822 nociva.

359 2851 415 2910 XI.
441 2850 608 2929 Indignum
622 2857 677 2928 est,
694 2857 725 2912 et
745 2871 764 2912 a
782 2854 930 2914 Romanae
950 2853 1089 2914 Ecclesiae
1179 2857 1299 2916 XXVI.
1321 2856 1366 2915 Ea
1385 2871 1456 2932 quae
1479 2853 1562 2914 fiunt
1583 2872 1602 2914 a
1621 2851 1739 2931 judice,
1754 2853 1779 2912 si
1792 2850 1893 2928 adejus

320 2941 457 3002 ebenum
482 2945 716 3018 consuetudine,
740 2950 775 3005 ut
802 2963 859 3024 pro
882 2946 1091 3024 spiritualibus
1140 2965 1203 3008 non
1214 2952 1351 3026 spectent
1361 2946 1507 3012 officium.
1520 2945 1640 3006 viribus
1651 2963 1719 3007 non
1730 2943 1892 3004 subsistunt.

320 3032 419 3096 facere
433 3036 502 3113 quis
516 3035 698 3115 homagium
714 3038 928 3117 compellatur.
1180 3040 1314 3100 XXVII.
1339 3038 1454 3098 Scienti
1467 3042 1499 3098 et
1511 3037 1720 3099 consentienti
1738 3055 1801 3098 non
1813 3035 1846 3098 fit
1857 3035 1894 3096 in·

519 3195 595 3255 TIT·
621 3197 714 3258 ΜΤ·
735 3199 812 3260 ῙᾸΒ·
835 3198 887 3257 Vl·
1136 3131 1535 3300 JleraXllillllltelrtlelusrslure
1550 3220 1712 3282 communi
1726 3218 1894 3288 exorbitant,

321 3323 525 3383 Decretalium
535 3323 916 3387 BonilseiiOctaviSummi
925 3325 1088 3386 Pontificis.
1142 3332 1342 3394 nequaquam
1356 3315 1395 3376 id
1405 3313 1659 3392 consequentiam
1671 3310 1895 3373 suntlrsthffidfl·

1180 3409 1301 3469 XXIX.
1326 3407 1416 3474 Quod
1441 3423 1549 3466 omnes
1571 3407 1683 3484 tangit,
1705 3405 1745 3466 ab
1770 3401 1896 3466 omnbus

1141 3499 1232 3561 debet
1245 3499 1424 3580 approbari.

362 3597 551 3660 Beneficium
592 3597 840 3659 Ecclesiasticum
888 3617 952 3659 non
989 3605 1091 3679 potest
1180 3594 1284 3654 XXX.
1309 3593 1344 3652 ln
1363 3591 1500 3653 obscuris
1530 3589 1699 3650 minimum
1724 3595 1769 3650 est
1782 3605 1896 3666 sequen·

320 3694 402 3754 licite
416 3692 483 3751 sine
497 3691 689 3752 institutione
700 3692 855 3752 CanonIca
865 3691 1007 3752 obtineri.
1142 3686 1229 3746 dnm.

361 3787 403 3844 II.
426 3785 583 3844 Possessor
596 3784 687 3844 malea
702 3784 784 3860 fidei,
800 3784 864 3844 ullo
877 3789 1089 3864 temporenon
1180 3778 1301 3836 XXXI.
1334 3777 1424 3844 Eum.
1452 3775 1506 3854 qui
1538 3779 1641 3836 certus
1668 3779 1727 3852 est,
1757 3769 1899 3836 cernone·

321 3877 502 3959 prescribit.
1140 3870 1271 3930 ulterius
1285 3887 1349 3931 non
1364 3872 1496 3948 oportet.

362 3972 419 4031 III.
443 3971 517 4032 Sine
536 3969 724 4048 possessione
738 3968 928 4048 prescriptio
942 3987 1007 4029 non
1018 3986 1090 4050 pro·
1180 3962 1323 4113 XXXItIt
1341 3961 1411 4022 Non
1423 3960 1496 4020 licet
1509 3959 1617 4036 sotori,
1631 3958 1782 4038 quodreo
1795 3957 1900 4018 licitum
1960 4003 1962 4130 3

322 4063 411 4124 cedit.
1141 4072 1205 4114 non
1220 4073 1285 4114 exis
1299 4073 1311 4112 r
1326 4100 1332 4113 .

363 4157 419 4216 IV.
436 4155 598 4216 Peccatum
612 4173 677 4216 non
690 4155 868 4231 dimittitur,
879 4153 940 4214 nisi
953 4153 1093 4214 restitua—
1180 4146 1335 4206 XXXIII.
1349 4145 1469 4206 Mutare
1487 4143 1652 4204 consilium
1666 4143 1736 4222 quis
1745 4142 1902 4220 nonpotest
1960 4131 1962 4204 l

322 4250 375 4304 tur
389 4243 538 4304 ablatum.
1141 4239 1173 4298 in
1183 4238 1310 4299 alterins
1319 4238 1554 4298 detrimentum.
1960 4207 1962 4336 l

362 4338 402 4397 V.
427 4337 545 4397 Peccati
558 4337 649 4397 venia
663 4355 728 4397 non
738 4336 839 4411 datur,
854 4334 914 4394 nisi
930 4333 1089 4396 correctio.
1181 4332 1334 4392 XXXIV.
1358 4329 1469 4390 Generi
1483 4325 1684 4408 perspeciem
1699 4327 1868 4400 derogattn.
1960 4337 1962 4412 3

362 4429 419 4489 VI.
441 4429 539 4489 Nemo
553 4429 710 4508 potestad
724 4427 912 4508 impossibile
929 4425 1070 4505 obligari.
1180 4423 1314 4482 XXXV.
1339 4421 1412 4482 Plus
1434 4439 1556 4500 semper
1569 4419 1603 4479 in
1619 4437 1652 4479 se
1668 4419 1817 4492 continet,
1831 4410 1902 4494 quod

362 4522 435 4581 VII.
459 4521 658 4598 Privilcgium
680 4520 841 4600 personale
862 4537 1026 4600 personam
1040 4539 1072 4581 se
1142 4518 1187 4574 est
1201 4515 1317 4574 minus.
1961 4509 1962 4578 ὖ

323 4614 440 4692 quitur,
456 4618 486 4673 et
499 4613 690 4688 extinguitur
704 4630 776 4673 curn
789 4630 929 4692 persona.
1181 4607 1333 4666 XXXVI.
1356 4607 1415 4666 Pro
1429 4621 1604 4685 possessore
1617 4603 1762 4676 habetur,
1779 4599 1832 4681 qui
1842 4597 1902 4660 dolo

364 4706 450 4768 VIII.
476 4706 577 4768 Semel
604 4705 715 4784 melus,
745 4723 867 4785 semper
894 4706 1092 4786 praesumitur
1142 4697 1231 4758 desiit
1243 4697 1411 4776 possidere·

323 4815 389 4858 esse
402 4797 512 4858 malus.
581 4843 587 4853 .
1182 4789 1350 4850 XXXVII.
1373 4787 1454 4848 Utile
1488 4801 1553 4847 non
1585 4785 1680 4846 debet
1710 4803 1768 4864 per
1805 4777 1902 4844 Inutile

364 4887 422 4948 IX.
445 4887 558 4948 Ratum
581 4887 650 4965 quis
667 4886 782 4947 habere
804 4905 867 4948 non
882 4892 992 4966 potest,
1008 4888 1092 4966 qnod
1142 4881 1256 4941 vitiari.

323 4978 419 5057 ipatus
429 4980 556 5040 nomine
571 4997 636 5039 non
649 4983 695 5039 est
707 4983 839 5057 gestum.
1182 4973 1366 5033 XXXVIII.
1389 4972 1435 5031 Ex
1448 4989 1485 5031 eo
1498 4987 1564 5032 non
1577 4967 1671 5029 debet
1689 4967 1761 5046 quIs
1781 4965 1903 5027 motum

362 5073 403 5134 X.
429 5073 689 5134 Ratihabitionem
707 5071 883 5140 retrotrahi‚
901 5076 931 5132 et
947 5072 1092 5132 mandato
1142 5064 1300 5142 consequI,
1316 5063 1401 5142 quod
1414 5063 1500 5124 nisus
1513 5061 1615 5122 extitit
1626 5061 1824 5139 impugnare.

323 5183 388 5224 non
402 5171 448 5226 est
462 5165 593 5226 dubium
605 5167 790 5245 comparari.
1184 5158 1337 5218 XXXIX.
1361 5155 1438 5216 Cum
1451 5154 1528 5233 quid
1542 5153 1737 5233 prohibetur,
1754 5147 1903 5231 probiben-
1961 5205 1962 5214 .

363 5259 420 5317 XI.
447 5259 527 5318 cnm
543 5263 615 5319 sunt
634 5259 769 5338 panium
788 5258 857 5337 jara
877 5258 1020 5333 obscura,
1039 5273 1093 5318 reo
1142 5255 1195 5310 tur
1208 5250 1325 5325 omnio,
1341 5266 1412 5326 qnae
1426 5252 1600 5326 sequuntur
1613 5245 1730 5308 exillo.

323 5349 490 5411 favendum
502 5359 548 5412 est
560 5353 673 5431 potius,
689 5371 783 5432 quern
799 5353 905 5412 actori.-
1182 5343 1250 5402 XL.
1274 5339 1404 5402 Pluralis
1416 5339 1544 5412 locutio,
1564 5338 1698 5399 duorum
1717 5353 1846 5402 numero
1863 5335 1900 5392 est
1960 5343 1962 5408 3

363 5443 438 5503 XII.
456 5444 490 5503 ln
500 5444 700 5521 judieiIsnon
714 5452 760 5507 est
773 5461 976 5526 personarum
988 5463 1093 5526 aecep-
1143 5439 1299 5496 contenta·

381 3451 426 3514 De
439 3451 547 3534 repetis
560 3453 646 3516 luris
666 3453 772 3536 Caput,
791 3475 839 3517 sen
857 3455 982 3537 nepeta.
999 3460 1028 3516 l.

324 5535 368 5596 tio
380 5535 533 5598 babendo.
1182 5527 1266 5586 XLI.
1288 5525 1439 5604 Imputari
1452 5540 1517 5584 non
1532 5522 1668 5599 debetei,
1680 5533 1897 5600 perquemuon

1960 5621 1962 5658 Ι
