3944 6350
329 399 387 458 139
985 395 1097 456 LIBER
1119 394 1261 455 PRIMUS

328 565 417 626 factio
458 561 642 636 intellectus,
689 581 773 623 conc.
820 563 976 642 prudens,
1033 563 1097 624 sive
1148 561 1287 634 dicimus,
1315 560 1369 621 ubi
1397 559 1522 621 aliunde
1549 577 1614 619 nou
1639 555 1770 618 rescitur
1790 557 1889 632 verius,
1958 569 1960 596 ³

328 655 506 736 probabilis,
549 661 580 717 et
610 655 711 716 nitens
744 654 842 732 gravi,
877 673 913 715 ac
944 653 1097 734 prudente
1147 655 1298 736 optimam
1311 667 1419 715 notam
1431 651 1568 714 veritatis
1582 669 1660 727 esse,
1675 650 1701 710 si
1715 668 1772 729 pro
1785 649 1848 725 hac,
1856 649 1890 710 rel

329 750 460 825 metito,
495 749 624 809 subdist.
661 752 707 807 est
744 746 874 826 positiva
905 747 1096 826 imperfectio
1146 749 1198 809 illa
1221 753 1308 828 parte
1329 746 1352 807 si
1377 746 1514 826 prudens
1535 744 1625 816 ratio,
1645 741 1890 822 gravemotivun,
1958 757 1960 802 J

328 842 500 902 secundum
510 840 595 920 quid,
610 839 653 900 ita
659 844 765 899 tamen
778 845 813 899 ut
827 839 919 899 simul
933 839 972 899 sit
984 837 1098 919 perfec·
1146 839 1328 902 rationabile
1340 843 1576 918 argumentum
1593 839 1624 897 et
1635 834 1731 913 hujus
1739 838 1818 894 note
1827 853 1893 914 capa-
1959 861 1960 908 3

328 933 384 1008 tio,
407 952 493 996 conc.
509 933 691 1012 estpositiva
704 931 894 1011 imperfectio
918 950 1006 1010 pura,
1023 950 1095 1010 neg.
1146 952 1196 994 ces
1216 937 1289 994 sunt
1311 933 1404 994 etiam
1425 931 1551 1004 indocti,
1577 928 1630 1008 qui
1649 927 1759 988 saltem
1777 927 1894 1006 perdoc-

328 1032 392 1087 ent.
409 1033 440 1087 et
465 1044 549 1088 cons.
577 1023 660 1104 quod
686 1030 790 1084 autem
804 1029 890 1084 actus
917 1023 1096 1104 probabilis,
1146 1026 1240 1088 tiores
1254 1026 1292 1086 dc
1305 1025 1364 1086 hoc.
1377 1024 1491 1086 rescire
1504 1025 1644 1103 possunt.

328 1117 401 1179 licet
425 1118 464 1179 sit
485 1117 590 1191 falsus,
616 1117 654 1178 sit
681 1117 773 1178 etiem
795 1116 927 1196 positiva
952 1115 1097 1196 perfactio
1186 1119 1214 1197 9
1239 1119 1270 1178 9.
1297 1119 1335 1185 Q.
1361 1119 1390 1178 5.
1413 1123 1445 1178 et
1466 1117 1514 1177 13.
1534 1113 1608 1175 (11ιὶ1
1630 1113 1772 1193 primurn
1790 1113 1894 1175 modun
1909 1126 1941 1182 111

329 1209 512 1290 intellectus,
528 1209 678 1271 evincitur
689 1210 749 1271 hoc
763 1215 965 1287 argumento:
985 1226 1060 1268 nam
1071 1208 1097 1270 si
1146 1210 1324 1272 inveniendi
1341 1209 1502 1271 veritatem
1520 1225 1597 1280 esse,
1612 1223 1754 1286 quaerere
1769 1206 1895 1286 sapiente

328 1309 414 1366 actus
436 1303 487 1365 ille
510 1307 587 1364 esset
606 1321 710 1378 rents,
739 1301 846 1381 utique
859 1299 1096 1380 foretperiectio
1146 1305 1211 1365 DD.
1234 1321 1312 1383 quos
1335 1301 1492 1382 sequaris;
1514 1319 1546 1380 q.
1566 1304 1672 1360 autem
1687 1300 1719 1360 8.
1736 1297 1810 1358 dicit
1818 1299 1895 1360 nemi-

328 1395 513 1473 intellectus,
538 1395 703 1476 etquidem
714 1395 861 1474 primario
875 1393 1005 1467 intenta,
1023 1411 1096 1473 ergo
1145 1415 1219 1458 nem
1239 1414 1304 1458 esse
1327 1396 1509 1476 sapientem,
1526 1393 1586 1454 nisi
1607 1409 1719 1453 verum
1740 1391 1827 1466 dicat,
1841 1392 1895 1471 quir
1959 1453 1960 1456 ,

329 1485 697 1570 etiampericctiosaltem
710 1485 1030 1563 secundariointenta,
1043 1485 1096 1547 ubi
1145 1488 1298 1570 sapientia
1330 1493 1375 1550 est
1406 1486 1541 1566 cognitio
1564 1485 1646 1562 veri,
1677 1483 1810 1563 ideoque
1832 1483 1896 1545 addit
1959 1551 1960 1554 J

328 1581 477 1660 primaria
490 1579 624 1642 obtineri
651 1597 716 1640 non
733 1584 843 1658 potest,
859 1579 930 1640 licet
941 1581 980 1641 sit
989 1578 1094 1652 falsus,
1145 1581 1304 1644 neminem
1324 1598 1413 1661 posse
1435 1579 1565 1640 reddere
1585 1576 1723 1656 aliquam
1742 1575 1896 1653 opinionem
1958 1615 1960 1654 J

328 1674 498 1735 dummodo
526 1691 590 1733 nou
613 1673 652 1732 sit
671 1671 865 1747 temerarius,
881 1670 934 1732 sed
948 1672 1094 1751 prudens.
1145 1673 1348 1755 probabilem,
1372 1672 1434 1734 nisi
1454 1671 1492 1733 de
1508 1670 1576 1751 ipso
1590 1671 1633 1730 sic
1647 1668 1740 1730 liceat
1753 1685 1896 1748 argumen-

328 1765 482 1824 Probotnr
509 1781 585 1823 corn.
623 1779 698 1821 nam
711 1761 835 1836 veritas,
859 1767 913 1822 aut
926 1760 1042 1822 falsitas
1064 1763 1096 1821 in
1145 1763 1215 1838 tari,
1245 1764 1358 1824 Auctor
1382 1761 1437 1824 ille
1463 1759 1517 1821 doc
1541 1758 1627 1835 dicit,
1651 1776 1722 1838 erqo
1747 1765 1790 1818 est
1807 1775 1894 1819 aaran
1958 1765 1960 1856 J

328 1861 412 1917 recto
427 1854 568 1916 estidem
586 1859 683 1930 actus,
697 1853 798 1933 quiin
813 1853 932 1914 ratione
947 1853 1026 1928 veri,
1047 1853 1098 1914 vel
1148 1853 1258 1916 Contra
1279 1861 1331 1929 cst,
1352 1853 1404 1914 ille
1424 1852 1476 1914 hic
1501 1852 1613 1913 dicitur
1640 1850 1777 1929 sapiens,
1802 1849 1849 1928 qui
1863 1853 1897 1910 est
1959 1857 1960 1922 Q

327 1947 395 2009 falsi
409 1947 580 2026 completur
593 1964 649 2026 per
658 1945 863 2020 existentiam,
878 1945 928 2006 vel
942 1964 1006 2006 non
1020 1945 1098 2006 exis·
1147 1947 1232 2008 omni
1254 1946 1432 2028 exceptione
1454 1945 1564 2024 major,
1591 1943 1725 2022 ideoque
1751 1942 1898 2022 prudenter
1959 1941 1960 1980 ³

327 2041 458 2103 tentiam
475 2039 596 2118 objecti,
621 2039 713 2120 plane
741 2039 942 2099 extrinsecam
963 2037 1098 2101 intellec
1146 2039 1345 2120 presumitur
1356 2039 1456 2100 dicere
1465 2053 1593 2110 verumJ
1610 2035 1683 2116 quia
1697 2035 1898 2115 utplurimum
1959 2105 1960 2108 J

327 2135 385 2209 tui,
402 2133 638 2213 ideoqueoctus,
655 2131 851 2211 quinuneest
864 2130 957 2192 falsus
960 2137 1099 2211 ,poterat
1146 2131 1219 2192 dicit
1232 2148 1363 2192 verum:
1383 2130 1455 2191 licet
1470 2129 1548 2190 torte
1564 2128 1627 2204 hic,
1646 2132 1677 2190 et
1686 2145 1774 2188 nunc
1788 2126 1897 2187 invind

328 2245 392 2288 csse
406 2232 523 2305 sertus,
553 2225 578 2285 si
605 2223 705 2303 object
706 2241 759 2284 um
780 2241 812 2284 se
826 2223 915 2284 ahter
927 2223 1096 2302 habuisset
1146 2223 1248 2284 biliter
1269 2227 1361 2299 erret,
1385 2222 1433 2283 uti
1455 2221 1643 2301 explicatum
1668 2225 1717 2281 est
1735 2238 1788 2280 aa.
1804 2220 1900 2283 rota
1958 2249 1960 2338 J

329 2325 358 2380 et
374 2324 598 2398 consequenter
625 2315 770 2397 perfectio
795 2317 976 2392 extrinseca,
1002 2334 1098 2396 quam
1146 2318 1217 2378 915.
1233 2315 1322 2378 Unde
1340 2320 1376 2376 ut
1390 2314 1634 2376 Auctordioatur
1651 2315 1776 2391 sapiens
1788 2311 1900 2372 satiset
1959 2323 1960 2400 J

328 2411 503 2472 intellectus
514 2411 609 2472 babet
619 2428 674 2489 per
687 2415 802 2483 actum,
819 2408 1002 2469 consistitin
1011 2408 1098 2469 utab
1148 2409 1191 2470 sic
1204 2426 1292 2490 posse
1314 2407 1432 2483 inferri,
1450 2407 1507 2468 iste
1525 2405 1641 2468 Αιιιιοι
1662 2404 1717 2464 doc
1739 2403 1825 2480 dicit
1848 2421 1900 2484 erqo

328 2503 498 2574 tendentia
515 2508 546 2563 et
561 2501 736 2564 adhaesione
751 2501 790 2562 ad
804 2501 959 2579 objectum
972 2506 1099 2581 propter
1148 2501 1201 2562 doc
1212 2499 1415 2583 probabiliter
1439 2517 1549 2561 rreum.
1573 2498 1650 2559 Vide
1668 2497 1752 2558 dicta
1769 2517 1845 2559 nam.
1859 2497 1898 2557 99.
1959 2505 1960 2542 1

329 2595 465 2675 prudens
488 2594 639 2656 motivum
652 2593 790 2654 veritatis
803 2593 988 2673 apparentis,
1015 2593 1099 2673 quod
1148 2593 1180 2655 in
1193 2593 1267 2656 last.

330 2687 474 2750 convenit
487 2687 570 2748 actui
595 2687 688 2748 etiam
720 2685 805 2760 salso,
835 2704 919 2765 ergo.
948 2685 996 2747 Ad
1028 2687 1097 2764 hoc,
1187 2687 1216 2766 9
1230 2690 1259 2749 3.
1276 2688 1311 2762 Q.
1327 2689 1355 2748 6.
1369 2683 1682 2748 ostenditsecundum
1692 2682 1838 2743 modum
1830 2699 1899 2742 mrc-
1915 2689 1960 2750 711

225 2843 229 2851 ,
331 2777 510 2858 quodaddit
497 2783 548 2837 tur
562 2777 599 2837 do
617 2777 705 2851 vitio,
721 2793 904 2855 responsum
919 2780 964 2836 est
981 2796 1011 2836 η.
1027 2777 1097 2838 417.
1147 2780 1271 2841 niendae
1294 2779 1430 2841 veritatis
1452 2795 1517 2840 esse
1534 2775 1650 2850 videre,
1669 2774 1758 2853 eujus
1771 2773 1901 2836 docuine

246 2869 305 2928 70¹1
372 2869 407 2945 Q.
426 2871 483 2932 118
497 2869 545 2930 An
560 2868 655 2930 orum's
670 2869 779 2929 veritos
794 2868 827 2928 ia
841 2867 1099 2929 rebnsmoiutidas
1147 2873 1335 2953 perpetuitas
1362 2871 1486 2932 detur
1479 2890 1513 2930 ιιι
1540 2868 1690 2939 Ecclesia,
1719 2866 1809 2927 sicuti
1833 2867 1900 2927 enin
1959 2859 1960 2904 ἶ

328 2962 451 3044 possita
465 2961 550 3022 nobis
565 2959 693 3021 inveniri
700 2958 715 3020 3
728 2961 766 3020 R.
784 2960 894 3021 Elizar.
907 2965 943 3020 ut
956 2961 1100 3021 excludat
1147 2963 1234 3045 fides,
1249 2964 1293 3025 ita
1306 2965 1450 3024 Doctrina
1462 2962 1516 3023 illa
1529 2967 1575 3023 est
1588 2979 1673 3033 vera,
1684 2977 1756 3038 quae
1769 2959 1802 3019 in
1816 2958 1902 3019 uate

330 3072 457 3116 omnem
468 3072 559 3114 usum
592 3052 788 3132 opinionum,
808 3058 839 3113 et
859 3051 1100 3131 ostendatigno·
1147 3054 1674 3136 siafuitperpetua.1nhocnon
1697 3049 1902 3130 repugnent
1958 3091 1960 3152 J

330 3147 465 3207 rentiam
491 3146 597 3225 legum
620 3163 686 3206 esse
715 3143 902 3214 vincibilem,
932 3144 1020 3205 docet
1033 3151 1098 3206 toto
1146 3146 1201 3208 ubi
1213 3148 1343 3209 dubium
1357 3153 1411 3214 est.
1428 3165 1469 3207 an
1482 3147 1562 3221 hac,
1576 3164 1617 3206 en
1630 3142 1902 3224 oppositadoctrinr
1959 3211 1960 3220 J

331 3237 354 3298 l.
371 3241 400 3299 ¹1.
430 3245 459 3300 ιι
473 3240 503 3314 3,
532 3255 642 3298 omncs
666 3236 810 3298 veritates
833 3235 966 3298 morales
988 3255 1053 3298 esse
1079 3257 1099 3298 a
1146 3241 1259 3301 tradita
1271 3241 1310 3302 sit
1323 3242 1362 3302 ab
1377 3239 1530 3314 Ecclesia;
1546 3239 1632 3309 item,
1657 3236 1802 3296 ubi-sunt
1818 3253 1902 3314 qnes-
1959 3231 1960 3306 ἶ

330 3331 420 3391 nobis
446 3329 641 3395 invenibiles.
677 3329 832 3408 traditque
859 3329 960 3389 varios
990 3330 1098 3391 modos
1146 3332 1247 3394 tiones
1267 3333 1319 3394 vix
1333 3333 1568 3394 antehacmotae
1582 3330 1616 3390 in
1631 3327 1775 3403 Ecclesia,
1793 3325 1903 3388 autsal·
1958 3325 1960 3336 ’

330 3421 397 3483 illas
409 3422 608 3497 invemend1
638 3427 669 3482 et
686 3431 723 3482 ut
735 3420 875 3483 dootnna
891 3420 973 3482 illius
987 3422 1099 3484 melius
1147 3425 1234 3486 tem
1225 3443 1259 3485 m
1272 3431 1415 3486 neutram
1430 3429 1550 3504 partem
1568 3421 1690 3497 decise,
1711 3419 1819 3498 utique
1832 3417 1905 3478 aliter

330 3514 514 3590 confutetur,
530 3513 683 3595 praemitto
691 3513 857 3592 breteeJus
867 3515 1096 3593 compendtum
1148 3517 1246 3596 quaeri
1260 3516 1351 3578 debet
1364 3516 1489 3578 veritas.

247 3611 306 3672 708
370 3605 398 3684 ἓ.
421 3608 450 3666 1.
472 3607 505 3667 Ι..
529 3611 557 3668 8.
583 3625 611 3686 q.
634 3607 664 3666 9.
680 3609 753 3667 ιι3.
768 3607 867 3684 docet,
883 3605 1098 3669 incedendoin
1186 3610 1214 3690 9
1241 3611 1271 3671 1.
1297 3611 1332 3684 Ο.
1357 3611 1388 3670 9.
1415 3609 1489 3671 dicit
1512 3606 1635 3668 tertiam
1659 3609 1768 3666 notam
1783 3603 1904 3666 veritatis
1919 3605 1960 3716 illJ

330 3697 380 3758 via
393 3697 587 3776 opinionum,
611 3698 674 3758 sive
696 3699 853 3778 sequendo
874 3699 1008 3760 rabones
1025 3718 1097 3806 pro·
1147 3719 1224 3779 csse,
1253 3702 1279 3762 si
1306 3701 1452 3762 doceatur
1477 3719 1496 3761 ι
1524 3701 1652 3760 [lectore
1671 3715 1746 3758 vere
1762 3696 1960 3777 sapienta

329 3790 534 3872 prioiugenio
550 3791 701 3866 inventas,
718 3809 782 3851 non
802 3809 890 3870 posse
904 3809 956 3851 rm
957 3809 1035 3852 emrr
1049 3811 1100 3854 ve-
1147 3800 1335 3856 vereautem
1346 3794 1468 3874 sapiens
1482 3791 1723 3871 dignoscitarex
1731 3794 1806 3850 nota
1808 3803 1904 3868 ,quam
1958 3789 1960 3898 J

328 3883 463 3946 ritatem.
490 3882 632 3963 Additq.
650 3884 680 3943 1.
700 3881 887 3961 99113.
909 3882 1019 3945 debere
1033 3903 1098 3947 esse
1148 3885 1285 3948 Christus
1298 3887 1383 3948 dedit
1396 3881 1508 3946 ttattt.
1527 3884 1556 3942 ¹1.
1575 3889 1603 3942 et
1625 3883 1702 3944 Luc.
1718 3885 1750 3944 a.
1765 3880 1819 3944 Ea
1832 3880 1960 3960 fruc

328 3979 428 4052 notas,
445 3979 475 4035 et
488 3973 587 4051 signa,
607 3971 961 4079 equibusdignpscatur
974 3975 1096 4053 ιιιὶιιι,
1148 3979 1226 4040 trdus
1238 3997 1289 4040 cor
1291 3999 1339 4040 um
1351 3975 1524 4059 copamcetis
1546 3993 1606 4036 eos:
1629 3974 1751 4035 tructus
1767 3991 1839 4034 vero
1851 3972 1903 4044 ilie,

329 4068 423 4129 etiam
438 4065 644 4146 praetermisso
654 4083 741 4125 omni
750 4083 892 4126 examrne
902 4085 1095 4145 opinionum
1148 4089 1185 4131 ex
1208 4089 1271 4150 quo
1294 4069 1431 4149 dignosci
1451 4067 1547 4174 ppssit
1572 4085 1669 4128 verax
1692 4067 1849 4145 Magister,
1869 4068 1905 4126 ed

329 4160 419 4222 sicuti
433 4159 608 4221 debuerunt
622 4175 686 4218 esse
700 4163 877 4219 notaeverae
885 4149 1099 4240 'fideipraeter-
1147 4169 1290 4224 constans
1316 4161 1481 4223 charitas'
1473 4179 1506 4221 m
1535 4161 1645 4230 Deum,
1676 4164 1708 4220 et
1730 4159 1903 4239 proximum,

329 4252 422 4313 misso
436 4251 522 4314 omni
536 4249 678 4312 examine
692 4250 911 4330 mysteriorum
928 4252 1098 4313 secundum
1146 4254 1219 4316 lnnc
1231 4273 1261 4336 q
1280 4258 1328 4316 11.
1347 4262 1375 4315 ιι
1389 4255 1439 4316 19.
1453 4253 1520 4314 fuse
1533 4251 1677 4323 ostendit,
1694 4251 1850 4330 φιοιιιοιίο
1860 4265 1905 4329 per

329 4361 372 4408 ιι.
395 4361 469 4404 nam
494 4343 584 4404 sicuti
611 4344 694 4405 Deus
726 4342 823 4403 toltut
851 4361 977 4416 amnes,
1005 4346 1098 4406 etiam
1146 4347 1328 4408 charitatem
1346 4345 1546 4426 pervemattu
1558 4345 1598 4404 ad
1611 4343 1786 4404 veritatem
1805 4344 1904 4404 Contra
1958 4397 1960 4404 ,

329 4413 480 4512 indoctos,
502 4444 585 4496 reate
604 4435 738 4512 credere,
762 4434 892 4514 ideoque
913 4435 1099 4499 deditnotas
1147 4447 1198 4514 ιιι,
1214 4438 1526 4519 quamvislateumur
1541 4435 1723 4498 charitatem
1740 4453 1805 4497 esse
1818 4423 1960 4532 utilis-J

329 4529 368 4589 ad
393 4533 474 4589 recte
498 4527 696 4603 c-,redendum
723 4544 905 4588 communes
931 4528 1038 4604 doctis,
1067 4536 1099 4591 et
1147 4530 1257 4592 simam
1284 4531 1443 4592 etiamad
1476 4528 1698 4590 inveniendam
1730 4528 1904 4598 veritatem,

329 4619 473 4695 indoctis,
489 4619 532 4680 ita
549 4620 655 4693 etiam,
671 4619 857 4725 quiauoluit
870 4638 989 4699 omnes,
1004 4622 1098 4683 etiam
1146 4626 1295 4686 tament.
1313 4641 1402 4704 aeque
1417 4621 1540 4684 difficile
1558 4626 1604 4682 est
1621 4638 1819 4698 cognoscere,
1835 4617 1906 4698 qua

329 4711 434 4773 indoct
421 4717 479 4788 tos,
494 4718 575 4791 recte
589 4713 719 4792 operari,
736 4712 914 4773 debuitillis
927 4714 1099 4777 darenotas
1146 4734 1220 4777 nam
1247 4735 1320 4778 vere
1346 4715 1459 4778 lrabeat
1485 4713 1677 4789 alteritatem,
1710 4731 1747 4773 ac
1775 4711 1907 4791 quisnam

329 4810 420 4866 rectae
432 4805 629 4884 operationis,
646 4823 828 4866 communes
837 4805 943 4882 doctis,
957 4813 988 4868 et
995 4807 1099 4869 indoc·
1146 4827 1220 4870 vera
1233 4809 1350 4871 doceat.
1366 4807 1549 4869 9.(111ι1ιιιιι
1566 4805 1605 4865 de
1617 4803 1773 4883 Magistris
1789 4819 1907 4882 saqtren

331 4897 380 4973 tis,
395 4896 465 4957 talis
478 4901 583 4957 autem
597 4902 670 4958 notu
683 4902 807 4958 nonest
825 4896 884 4964 via.
905 4897 954 4958 vel
968 4917 1099 4962 examen
1147 4901 1194 4961 dis
1211 4901 1301 4962 dicit:
1324 4901 1518 4980 Quocumque
1538 4896 1676 4959 dicerint
1700 4895 1791 4970 nobis,
1810 4894 1902 4975 faede,

330 4989 524 5070 opinionum,
552 5006 623 5049 nam
652 4987 764 5049 barum
788 5007 913 5068 capaces
936 5008 1001 5051 non
1027 4997 1099 5052 sunt
1147 4991 1413 5054 noandumoutem
1431 5009 1521 5074 opero
1534 5007 1636 5051 eorum
1653 4987 1745 5049 nolite
1757 4982 1906 5068 [cambi

330 5081 464 5157 indocti;
486 5099 571 5160 ergo.
597 5081 708 5142 Comi-a
734 5085 787 5154 cst,
815 5081 886 5143 licat
906 5087 977 5144 ante
993 5084 1099 5144 omnia
1148 5085 1256 5166 utique
1279 5085 1460 5148 charitatem
1489 5101 1554 5144 non
1579 5080 1747 5143 habebant.
1775 5082 1806 5140 3.
1832 5077 1907 5139 Licet

331 5173 489 5235 attendere
503 5173 681 5248 debeamus,
698 5173 772 5253 quid
786 5173 1096 5257 docaautScriptura,
1148 5175 1219 5256 quis
1245 5177 1424 5239 charitatem
1451 5173 1580 5242 babeat,
1607 5191 1674 5234 non
1699 5172 1770 5234 ideo
1796 5185 1907 5249 sempe
1959 5235 1960 5248 J

331 5266 478 5343 Concilio,
494 5267 551 5326 PP.
572 5271 604 5327 at
619 5267 684 5327 nu.
700 5284 792 5327 nemo
805 5271 910 5328 tamen
923 5275 1100 5331 contemnet
1148 5267 1285 5348 loquitur
1302 5288 1387 5345 vera,
1409 5267 1463 5330 sed
1482 5283 1564 5346 saepe
1578 5264 1687 5326 saltem
1700 5262 1906 5326 invmcibiliter
1959 5319 1960 5322 ,

330 5357 413 5420 vum
433 5357 688 5426 ratiocinationis,
712 5359 767 5420 ubi
790 5355 902 5420 ιιιίιιι
927 5361 1017 5422 nobis
1044 5380 1100 5441 per
1148 5367 1241 5435 errat,
1264 5362 1310 5424 uti
1332 5369 1490 5424 ostensum
1511 5363 1557 5421 est
1573 5376 1606 5419 ιι.
1620 5359 1673 5419 99.
1689 5356 1804 5419 etlioet
1815 5351 1907 5417 cbari-
1959 5435 1960 5444 J

332 5451 554 5512 Auctoritatem
568 5470 632 5512 non
645 5451 820 5529 innotescit,
829 5458 860 5513 et
873 5452 941 5514 ideo
952 5453 992 5513 ad
1005 5453 1099 5514 ratio·
1147 5457 1244 5515 tatem
1258 5473 1321 5517 non
1336 5455 1461 5532 habeut,
1482 5469 1547 5513 non
1560 5450 1632 5514 ideo
1644 5467 1766 5532 semper
1777 5447 1905 5528 loquitur

332 5559 404 5604 uem
418 5543 511 5606 etiam
535 5561 617 5624 saepe
637 5549 801 5606 recurrunt
818 5545 879 5605 PP.
900 5551 931 5606 ct
949 5545 1118 5608 1111111111-
1148 5544 1233 5607 falsa.
