3976 6342
331 305 371 359 tta
944 297 1056 358 LlBElt
1078 297 1311 358 reconditus

330 467 508 546 iteratisque
520 465 638 527 vicibus
651 465 825 538 edixerunt,
842 463 1025 540 doctrinam,
1039 483 1102 544 qua

333 559 564 621 Immaculatam
577 559 712 638 Virginis
727 557 965 636 conceptionem
979 557 1103 636 profite-

330 671 414 728 mur,
430 671 506 726 esse,
523 671 641 730 suoque
661 651 773 711 marito
786 650 895 710 haberi
914 668 986 711 cum
1005 649 1101 710 ecele-

331 745 451 806 siastice
465 744 551 806 cultu
565 745 657 825 plane
676 761 855 818 consonam,
871 761 1002 822 eamque
1018 749 1103 804 vete-

331 856 409 912 rem,
427 856 463 899 ac
472 855 567 918 prope
578 837 785 898 universalem
795 842 826 896 et
839 836 1102 916 ejusmodi,quam

332 933 471 992 Romana
485 931 617 991 Ecclesia
629 930 689 990 sibi
703 929 879 1006 fovendam,
893 929 1103 1008 tuendamque

331 1025 509 1104 susceperit,
537 1030 630 1103 atquc
656 1023 784 1082 omnino
809 1021 947 1100 dignam,
973 1039 1042 1100 qnae
1069 1021 1102 1081 in

331 1135 417 1176 sacra
436 1117 503 1196 ipsa
522 1115 670 1193 liturgia,
690 1114 940 1194 solemnibusque
961 1115 1103 1194 precibus

331 1214 542 1289 usurparetur.
565 1209 669 1288 Neque
683 1208 731 1268 lais
747 1208 894 1283 contenti,
918 1213 953 1267 ut
975 1207 1042 1287 ipsa
1065 1209 1103 1267 de

331 1303 532 1364 immaculato
542 1301 677 1380 Virginis
689 1302 844 1380 Conceptu
854 1300 994 1361 doctrina
1005 1300 1104 1360 invio-

330 1394 392 1456 lata
425 1394 611 1474 persisteret,
645 1394 826 1474 opinionem
857 1393 929 1454 huic
956 1393 1103 1454 doctrinae

330 1487 491 1548 adversam
505 1487 569 1548 sive
585 1486 718 1566 publice,
735 1487 798 1546 sive
816 1485 961 1565 privatim
980 1485 1103 1546 defendi

331 1597 418 1658 posse
432 1580 622 1641 severissima
634 1579 832 1659 prohibuere,
848 1597 979 1658 eamque
992 1579 1102 1639 multi-

330 1672 401 1750 plici
414 1673 511 1734 veluti
524 1672 652 1732 vulnere
666 1671 836 1732 conlectam
846 1689 911 1732 ease
925 1671 1100 1732 voluerunt.

331 1765 449 1838 Quibus
462 1765 599 1845 repetitis
619 1765 869 1826 luculentissimis
887 1764 1102 1825 declarationi·

330 1857 399 1934 bus,
415 1877 455 1920 ne
476 1858 585 1920 inanes
603 1858 794 1933 viderentur,
810 1857 948 1936 adjecere
967 1857 1102 1918 sanctio·

259 2017 263 2028 ,
329 1969 500 2030 ncmtane
509 1943 984 2012 omnialaudatus'rraedeeessor
994 1952 1104 2012 Noster

331 2043 505 2106 Alexander
520 2045 574 2106 Vll
589 2044 636 2104 lris
651 2043 751 2104 verbis
763 2049 809 2104 est
820 2044 1021 2124 complexus:

373 2158 388 2196 c
409 2137 471 2198 Nos
485 2135 725 2211 considerantes,
738 2137 822 2216 quod
837 2137 948 2197 Sancta
963 2137 1104 2198 llomana

269 2252 275 2264 =·
334 2229 503 2290 «Ecclesia
532 2229 571 2290 de
599 2230 792 2290 lntemerataa
820 2247 942 2308 semper
969 2228 1104 2304 Virginis

333 2343 348 2378 α
369 2322 474 2384 Mariae
489 2322 693 2402 conceptione
706 2321 819 2382 festum
830 2321 1010 2382 solemniter
1023 2321 1103 2382 cele·

333 2415 448 2490 «brat,
479 2419 510 2478 et
537 2415 666 2494 speciale
695 2433 730 2476 ae
755 2416 919 2495 proprium
938 2415 1104 2494 superbos

333 2528 348 2564 u
368 2507 505 2570 cilicium
515 2507 591 2568 olim
600 2508 757 2568 ordinavit
767 2509 825 2586 jux
839 2508 934 2587 piam,
946 2507 1101 2584 devotam,

333 2619 348 2658 <r
370 2607 401 2660 et
413 2600 848 2669 laudabileminstitutionem,
861 2619 930 2680 quaa
940 2601 1053 2662 aSixto
1064 2601 1103 2660 IV

333 2714 348 2750 n
369 2694 711 2754 PraedeccssoreNostro
721 2699 796 2754 tune
809 2694 985 2768 emanavit;
1002 2693 1105 2753 volen-

333 2807 347 2844 s
367 2791 474 2866 tesqua
481 2786 627 2846 laudabili
644 2787 830 2865 huicpietnti
843 2792 874 2847 et
886 2785 1055 2861 devotioni,
1075 2791 1106 2846 et

333 2899 345 2934 r
369 2878 456 2954 festo,
470 2879 606 2940 occultu
620 2880 790 2940 seeundum
799 2879 885 2940 illam
894 2879 1042 2954 exhibito,
1071 2879 1105 2938 in

334 2991 349 3028 e
371 2970 1107 3051 Ecclesiallomanapostipsiuscultusinstitutio-

332 3083 348 3120 <r
368 3064 1104 3142 nemnnmquamimmutato,R0monorumPon·

333 3155 488 3216 ctificum
517 3157 776 3218 Praedccessorum
807 3158 991 3218 Nostrorum
1005 3175 1107 3218 exem·

333 3269 344 3306 r
368 3248 431 3327 plo,
464 3248 568 3310 favere
613 3267 753 3310 necnon
779 3251 861 3310 tueri
889 3250 1046 3330 pietatem,
1075 3256 1107 3311 ct

332 3361 348 3399 a
369 3341 567 3403 devotionem
578 3341 799 3418 hanccolendi,
815 3342 1106 3403 ctcclcbraudibea-

332 3455 348 3490 a
368 3433 1103 3514 tissimamVirginem,praevenientescilieetSpi·

333 3547 348 3584 r
368 3526 445 3586 ritus
466 3527 569 3588 Sancti
582 3527 721 3604 gratiae
730 3531 854 3605 peccato
869 3527 1012 3605 originali
1023 3545 1103 3606 praa-

1155 483 1170 524 α
1192 465 1268 526 latas
1276 463 1527 538 Constitutiones,
1539 480 1594 522 seu
1603 462 1729 522 Decreta
1740 461 1783 522 ita
1795 472 1904 542 pergant

1155 557 1398 637 «interpretari,
1428 562 1463 616 ut
1490 556 1627 616 favorem
1655 572 1710 634 per
1738 555 1805 615 illas
1834 557 1904 618 dicta

1156 672 1171 708 c
1191 651 1362 726 sententia,
1392 656 1423 710 et
1449 649 1526 709 iesto
1553 668 1607 709 seu
1633 647 1730 708 cultui
1751 650 1904 710 secundun

1156 744 1277 804 uillam
1304 741 1451 818 exhibito,
1479 741 1677 817 buetrenton,
1700 741 1752 800 vel
1772 742 1827 820 qui
1844 743 1906 804 hanc

1156 857 1171 895 c
1192 837 1333 898 eamdem
1347 836 1543 909 sententiam,
1560 834 1673 896 iestum
1687 853 1742 896 seu
1757 835 1907 896 cultumin

1157 931 1431 1010 «disputationem
1465 947 1620 1002 revocare,
1656 936 1711 988 aut
1748 934 1855 988 contra
1882 947 1908 990 ea

1156 1042 1318 1102 «quoquo
1348 1023 1438 1083 modo
1465 1022 1591 1098 directe,
1620 1021 1670 1080 vel
1697 1020 1847 1081 indirecte
1869 1027 1909 1082 ant

1156 1137 1172 1173 r
1192 1117 1301 1196 quovis
1323 1120 1485 1196 praetextu,
1509 1115 1604 1175 etiam
1623 1113 1846 1175 definibilitatis
1858 1114 1909 1192 ejus

1157 1229 1172 1268 a
1194 1209 1418 1282 examinandae,
1438 1208 1501 1268 sive
1520 1225 1640 1268 sacram
1654 1207 1855 1286 Scripturam,
1870 1213 1911 1268 aut

1157 1323 1173 1359 <r
1193 1307 1313 1364 sanctos
1327 1301 1443 1378 Patres,
1466 1301 1531 1361 sire
1551 1302 1694 1361 Doctores
1708 1299 1863 1378 glossandi
1874 1300 1911 1360 rel

1158 1415 1171 1452 r
1193 1393 1428 1475 interpretandi,
1443 1394 1577 1473 denique
1589 1393 1649 1453 alio
1660 1393 1912 1472 quovispraetertu

1159 1509 1170 1546 r
1193 1507 1249 1548 seu
1262 1487 1431 1554 occasione,
1447 1486 1561 1566 scripto
1576 1504 1630 1546 seu
1644 1504 1720 1547 voce
1740 1485 1838 1565 loqui.
1854 1503 1911 1546 ren·
1987 1540 1988 1553 ,

1158 1601 1174 1638 c
1194 1580 1321 1654 cionari,
1334 1584 1479 1655 tractare,
1495 1579 1664 1658 disputare,
1674 1583 1784 1639 contra
1796 1597 1835 1639 ea
1844 1577 1913 1658 quid·

1159 1691 1289 1753 nquam
1314 1671 1565 1747 determinando,
1591 1676 1645 1731 aut
1669 1672 1851 1745 asserendo,
1875 1671 1911 1732 rol
1987 1684 1988 1691 ’

1158 1789 1174 1826 r
1194 1771 1378 1845 argumenta
1389 1770 1497 1825 contra
1510 1783 1547 1825 aa
1561 1763 1731 1840 afferendo,
1752 1771 1784 1824 et
1794 1764 1914 1826 insoluta

1158 1881 1174 1918 s
1194 1859 1409 1938 relinquendo,
1430 1863 1485 1918 aut
1503 1857 1564 1918 alio
1578 1858 1687 1938 quovis
1697 1857 1913 1936 inexcogitabili

1159 1973 1171 2010 r
1194 1954 1288 2014 modo
1300 1951 1476 2013 disserendo
1486 1951 1552 2011 ausi
1561 1951 1693 2026 fuerint3
1709 1957 1825 2030 praeter
1835 1969 1914 2031 ponas
1987 2022 1988 2025 Ἴ

1159 2051 1225 2107 cet
1250 2063 1394 2106 censuras
1419 2044 1452 2104 in
1480 2042 1760 2105 constitutionibus
1786 2043 1863 2104 sixt
1883 2043 1913 2104 ltl

1158 2160 1173 2198 c
1192 2143 1361 2212 contentas,
1380 2137 1493 2216 quibus
1512 2136 1580 2196 illos
1598 2135 1758 2215 subjacere
1773 2137 1912 2210 velumus,

1159 2253 1174 2290 c
1195 2237 1226 2292 et
1247 2249 1304 2310 per
1327 2234 1495 2310 praesentes
1518 2228 1711 2306 subjicimus,
1738 2229 1834 2290 ctiam
1855 2245 1914 2290 con·

1160 2346 1171 2381 a
1195 2323 1348 2400 cionandi,
1374 2323 1496 2402 publice
1514 2321 1650 2400 legendi,
1675 2339 1731 2382 seu
1746 2322 1916 2390 docendict

1159 2416 1420 2496 «interpretandi
1443 2415 1597 2489 lncrrltate,
1623 2433 1659 2474 ac
1681 2432 1758 2476 voce
1777 2417 1917 2490 activaet

1159 2530 1174 2566 <r
1194 2510 1314 2590 passiva
1337 2511 1371 2569 in
1393 2509 1641 2588 quibuscumque
1663 2507 1875 2576 electionibus,
1888 2525 1918 2568 eo

1159 2623 1174 2658 c
1195 2602 1260 2681 ipso
1275 2602 1390 2680 absque
1413 2601 1473 2662 alia
1491 2600 1697 2661 declaratione
1717 2602 1918 2680 privatesessc
1987 2644 1988 2657 ,

1159 2716 1175 2752 «
1194 2695 1358 2769 volumns3
1374 2713 1432 2755 nec
1446 2713 1510 2754 non
1530 2695 1569 2756 ad
1584 2695 1847 2771 concionandum,
1868 2711 1919 2772 po·

1159 2787 1273 2848 «blico
1300 2788 1478 2866 legendum,
1507 2787 1694 2862 docendum,
1726 2793 1758 2848 at
1779 2787 1919 2866 interpre-

1160 2901 1175 2938 α
1196 2882 1326 2942 tandum
1345 2885 1503 2959 perpetue
1524 2879 1728 2940 inhabilitatis
1743 2898 1852 2959 poenas
1865 2879 1921 2958 ipso

1160 2993 1175 3030 c
1195 2972 1273 3033 lacto
1286 2974 1444 3033 incurrere
1464 2973 1580 3051 ubsque
1595 2973 1656 3032 alia
1670 2973 1922 3046 declaratione3a

1160 3087 1175 3124 c
1196 3066 1308 3144 quibus
1328 3065 1428 3144 pernis
1451 3066 1577 3125 nonnisi
1600 3085 1619 3125 a
1639 3065 1735 3126 Nobis
1749 3066 1836 3146 ipsis,
1851 3065 1923 3125 vela

1159 3180 1174 3218 c
1195 3157 1427 3220 suecessoribus
1441 3158 1559 3218 Nostris
1570 3159 1718 3220 Romanis
1734 3157 1923 3219 Pontificibus

1159 3251 1323 3328 «absolvi,
1349 3255 1402 3310 aut
1424 3268 1518 3330 super
1545 3251 1582 3310 iis
1604 3237 1778 3331 disperisari
1794 3250 1922 3330 possint:

1159 3362 1342 3406 «necnon
1369 3343 1495 3404 eosdem
1520 3343 1587 3403 aliis
1614 3343 1726 3424 poenis,
1760 3345 1924 3414 Nostro,et

1159 3437 1377 3498 «eorumdem
1403 3437 1617 3496 Romanorum
1644 3436 1835 3500 Pontificum
1857 3437 1924 3496 Sue-

1159 3547 1350 3590 «cessurum
1379 3529 1562 3588 Nostrorum
1589 3529 1718 3589 arbitrio
1739 3527 1922 3608 infligendis,

332 3625 532 3695 «servatam,
561 3619 783 3698 cupientesque
810 3621 843 3680 in
873 3618 983 3680 Christi
1009 3637 1104 3698 grege
1159 3622 1309 3701 aperiter
1335 3619 1494 3697 subjacere
1518 3620 1675 3698 volumus,
1700 3625 1794 3700 prout
1807 3619 1926 3697 subjici·

333 3732 348 3768 a
368 3711 520 3772 unitatem
541 3712 665 3790 spiritus
688 3712 722 3772 in
744 3713 868 3772 vinculo
883 3712 977 3791 pacis,
992 3712 1104 3772 sedatis
1158 3735 1173 3772 c
1193 3732 1264 3774 mna
1278 3733 1334 3792 per
1349 3717 1525 3793 presentes,
1553 3713 1740 3774 innovantes
1760 3713 1849 3774 Pauli
1864 3712 1888 3770 V
1901 3713 1926 3768 el

333 3825 348 3862 a
368 3804 590 3864 offensionibus
618 3809 650 3864 et
671 3805 794 3883 jurgiis,
824 3805 996 3882 amotisque
1014 3823 1102 3864 scan-
1157 3829 1173 3864 (ι
1193 3807 1330 3884 Gregorii
1345 3807 1399 3866 XV
1418 3807 1560 3885 superius
1574 3811 1762 3868 memoratas
1777 3805 1926 3866 constitu·

333 3919 348 3953 e
369 3898 446 3958 dalis
460 3915 660 3958 conservare:
676 3898 715 3958 ad
727 3897 926 3976 prelatorum
938 3898 1103 3977 Episcopo·
1157 3921 1173 3958 r
1193 3900 1292 3960 tiones
1307 3899 1370 3959 sire
1386 3901 1522 3959 Decreta.

333 4011 348 4047 e
368 4007 526 4052 cumeum
541 3989 1104 4068 Ecclesiarumsua1·umcapitnlis,ac
1196 4013 1211 4050 o
1232 3993 1275 4052 Ac
1288 3992 1394 4066 libros,
1422 3991 1456 4052 in
1480 3990 1594 4070 quibus
1617 3989 1746 4070 prefata
1766 3988 1927 4064 sententio,

333 4083 502 4164 «Philippi
517 4083 617 4158 Degis,
633 4083 760 4162 ejusque
775 4083 954 4162 Regnorum
968 4081 1103 4142 oblatam
1156 4085 1321 4156 «testum,
1359 4102 1414 4146 ssu
1449 4084 1549 4144 crdtus
1577 4085 1751 4144 seeundum
1777 4085 1868 4144 illam
1899 4083 1928 4142 in

334 4193 349 4231 e
370 4174 464 4234 Nobis
473 4175 662 4248 instantiam,
674 4194 709 4236 ac
719 4193 839 4254 preces;
851 4175 1100 4250 Constitutiones,
1156 4199 1172 4238 c
1192 4178 1323 4238 dubium
1349 4183 1523 4253 revocatur,
1546 4183 1602 4237 aut
1620 4183 1729 4238 contra
1747 4197 1784 4239 aa
1800 4195 1929 4257 quomo·

334 4288 349 4324 u
370 4273 402 4328 at
415 4269 553 4339 Decreta,
570 4286 589 4328 o
608 4269 754 4330 ltomanis
767 4267 967 4332 Pontificibus
980 4267 1101 4328 Praede-
1155 4293 1171 4330 c
1192 4271 1376 4349 (iocumque,
1402 4275 1437 4330 ut
1458 4289 1563 4349 supra,
1584 4269 1702 4350 aliquid
1716 4271 1867 4332 scribitur
1880 4272 1930 4329 aut

334 4380 350 4417 u
371 4359 541 4420 caesoribus
554 4361 680 4436 Nostris,
697 4367 728 4422 et
742 4363 930 4441 praecipuea
948 4360 1033 4422 Sixto
1049 4360 1100 4436 lV,
1156 4385 1171 4422 rr
1191 4362 1315 4442 legitur,
1328 4363 1574 4439 seuloentioues‚
1588 4363 1765 4440 conciones,
1780 4369 1931 4424 Nanctus

335 4473 350 4508 a
372 4453 466 4514 Paulo
490 4453 512 4512 V
535 4464 565 4514 ct
588 4453 734 4532 Gregorio
757 4455 808 4516 XV
824 4454 905 4516 edito
918 4452 1102 4514 inlavorem
1155 4477 1171 4513 <r
1192 4461 1222 4515 et
1236 4455 1458 4535 disputationes
1469 4461 1577 4515 eontra
1589 4455 1698 4516 eadem
1709 4455 1929 4526 continentur;

335 4566 349 4600 a
371 4545 530 4605 sententiae
543 4547 715 4621 asserentis,
727 4547 874 4607 Animam
886 4547 983 4606 bantra
997 4545 1101 4608 lllariae
1156 4569 1171 4606 a
1192 4553 1261 4626 post
1288 4547 1375 4607 Pauli
1399 4547 1423 4608 V
1450 4566 1544 4626 supra
1578 4547 1741 4608 laudatum
1766 4550 1931 4609 Decretum

335 4657 351 4692 a
371 4637 505 4716 Virginis
517 4637 551 4698 in
565 4639 613 4700 sui
626 4640 792 4713 creatione,
810 4644 840 4699 et
853 4639 885 4700 in
901 4657 1011 4716 corpus
1023 4636 1103 4698 inlu·
1156 4662 1171 4698 c
1192 4641 1284 4714 edita,
1294 4639 1930 4720 autinposterumquomodolibetedenda,

335 4751 347 4788 s
374 4728 470 4805 sione,
488 4731 620 4809 Spiritus
633 4733 736 4792 Sancti
750 4731 850 4809 gratio
861 4731 1020 4806 donatam,
1040 4735 1102 4792 eta
1156 4755 1171 4790 e
1192 4734 1392 4812 prohibemus
1406 4733 1463 4794 snb
1478 4734 1580 4812 poenis
1590 4740 1621 4794 et
1633 4735 1769 4795 censuris
1780 4735 1819 4794 in
1828 4733 1932 4796 Indice

334 4829 493 4901 «peccato
525 4823 668 4902 originali
690 4830 909 4904 preservatam
926 4822 1030 4894 luisse,
1045 4841 1103 4885 nec
1154 4826 1344 4887 «librorum
1366 4826 1595 4906 prohibitorum
1615 4827 1790 4903 contentis;
1816 4833 1849 4887 et
1866 4827 1931 4905 ipso

335 4935 350 4973 e
371 4933 435 4975 non
457 4920 488 4976 et
507 4916 540 4976 in
555 4915 692 4978 lavorsrn
706 4915 786 4992 festi,
803 4921 833 4976 et
847 4915 948 4976 cultus
961 4915 1101 4994 Concep·
1155 4941 1171 4978 α
1191 4919 1270 4980 iacto
1285 4919 1400 4998 absque
1415 4919 1621 4980 declaratione
1636 4939 1693 5000 pro
1704 4937 1851 4999 expressa
1865 4935 1932 4998 pro·

334 5028 350 5064 a
371 5007 462 5068 tionis
477 5008 614 5085 ejusdem
629 5009 766 5088 Virginis
779 5009 916 5087 Dciparae
931 5007 1103 5068 secundum
1157 5033 1169 5069 r
1193 5011 1299 5072 bibitis
1313 5011 1421 5072 haberi
1436 5011 1580 5072 volumus
1594 5019 1627 5073 et
1640 5013 1842 5074 mandamns.
1865 5032 1881 5070 o

335 5121 350 5156 α
371 5100 455 5178 piam
469 5098 558 5160 istam
573 5101 769 5176 sententiam,
786 5108 820 5162 ut
829 5100 1002 5181 prefertur,
1020 5100 1103 5161 exhi·
1193 5105 1308 5166 Omnes
1320 5109 1426 5166 antem
1440 5111 1557 5166 norunt
1570 5112 1690 5185 quanto
1704 5105 1807 5166 studio
1817 5103 1931 5166 herde

335 5212 350 5250 a
370 5191 439 5266 biti,
455 5191 653 5269 innovamus,
677 5198 708 5253 et
725 5193 782 5254 sub
804 5192 942 5256 censuris
960 5197 991 5254 et
1003 5191 1103 5271 pranis
1152 5197 1353 5258 Immaculata
1384 5197 1523 5276 Daiparae
1556 5198 1694 5278 Virginis
1721 5197 1930 5278 conceptione

335 5283 986 5362 aineisdamconstitutionibuscontentis,
998 5285 1104 5348 obser-
1153 5290 1292 5350 doctrina
1311 5289 1572 5370 aspectatissimis
1595 5291 1754 5372 Religioais
1775 5288 1927 5362 ramim,

334 5397 350 5434 c
370 5377 645 5452 varimandnmus,
1153 5387 1184 5445 et
1210 5381 1429 5447 celebrioribus
1464 5383 1658 5464 Theologicis
1691 5382 1866 5448 Academiis
1897 5397 1929 5442 ac

306 5549 319 5560 α
374 5489 389 5525 a
412 5469 448 5527 Et
468 5469 595 5550 insuper
616 5487 724 5531 omnes
743 5471 1102 5551 essirrgulos,qutp1·ae-
1154 5476 1412 5554 praestantissimis
1446 5494 1552 5537 rerum
1588 5477 1763 5538 divinarum
1799 5474 1927 5536 scientia
