3964 6348
709 403 759 464 DE
779 401 1040 465 deusutun‘ttd.
1608 401 1668 462 etti

36 564 82 624 2¹³
134 573 150 652 §
176 573 204 634 S.
234 569 425 650 Augustinus
452 587 517 631 non
542 573 588 630 est
614 568 848 648 irrefragabilis,
901 567 932 633 S.
949 569 1058 645 Officii,
1075 571 1219 647 Ritunm,
1232 570 1368 631 Trident.
1386 567 1664 642 ludieislibrorum,

101 664 151 726 nisi
171 663 291 740 inillis,
312 681 381 744 qum
401 661 545 724 Ecclesiae
561 662 725 722 auotoritas
738 661 850 722 contir-
900 661 1134 742 Episcopum,
1155 662 1371 743 Regularium,
1389 659 1610 734 Oardinalium,

99 762 170 818 mat:
194 761 285 836 petet,
309 773 384 820 nam
406 755 504 818 lassus
524 752 568 814 cal
583 772 663 834 sepe
679 754 710 816 S.
727 756 849 830 hugus·
943 752 1140 837 Cmpreputio
1154 755 1189 817 S.
1205 754 1309 837 Officii
1332 759 1451 819 constat
1464 752 1571 815 multis
1593 751 1668 814 viris

98 849 172 910 tinus
185 867 216 910 se
234 866 359 920 errasse,
376 847 423 910 uti
436 851 556 910 comtat
570 863 608 906 ex
622 843 708 906 libris
721 846 849 909 Retrac-
900 847 1066 926 primatiis,
1087 848 1169 909 inter
1183 848 1298 928 quoad
1329 845 1508 908 cardinales
1530 845 1669 926 deputati

97 943 258 1014 hunnum,
282 940 412 1020 ideoque
437 939 568 1019 ipsemet
589 936 667 1000 dixit
688 936 770 998 nolle
793 935 851 998 sibi
900 941 1171 1020 aPapa,quorum
1181 937 1668 1018 uesedesscdehent,utattquiu

97 1034 180 1108 medi,
201 1033 260 1096 nisi
281 1033 400 1096 adesset
422 1031 514 1098 simul
528 1029 588 1094 alia
602 1029 779 1106 auctoritas,
802 1028 851 1090 vel
900 1033 1118 1094 rottcludatur:
1134 1033 1208 1094 huic
1223 1032 1370 1094 concessit
1383 1031 1499 1092 Paulus
1514 1030 1556 1092 llI
1569 1035 1669 1110 potee-

95 1129 180 1188 ratio:
208 1125 326 1190 Errare
346 1125 379 1188 iu
397 1121 481 1188 redut
501 1122 851 1204 obscurissimarum
900 1129 995 1186 tatem
1021 1125 1219 1206 inquirendi,
1260 1124 1393 1196 citandi,
1424 1123 1609 1204 procedendi
1634 1123 1668 1184 in

94 1215 519 1300 emtorenpcrecepticare
537 1233 572 1278 uc
585 1213 731 1296 definite,
750 1213 852 1294 inquit
900 1215 1046 1278 omnibus
1072 1219 1173 1280 euersis
1196 1223 1261 1279 tum
1283 1216 1426 1278 haeresim
1450 1215 1665 1290 manifestam,

95 1308 232 1374 Cunusde
246 1309 318 1372 locis
337 1308 358 1372 l.
374 1313 404 1376 t.
424 1328 450 1373 e.
468 1311 498 1370 l.
517 1327 554 1372 u..
564 1309 594 1370 3.
612 1313 669 1370 'eut
684 1305 849 1390 Cypriane,
901 1326 995 1388 eptam
1018 1309 1200 1388 schismata,
1227 1309 1453 1384 divinationes,
1483 1309 1668 1370 Sacramen-

93 1402 312 1478 nutdmbrerio‚
330 1410 381 1464 dut
396 1400 558 1484 Aupustiun
571 1397 697 1463 occidit:
716 1398 853 1462 dbulen-
899 1405 1005 1462 torum
1032 1402 1164 1464 obtusum
1190 1401 1466 1478 concernentibus,
1498 1400 1546 1461 uti
1573 1401 1669 1462 etiam

93 1498 129 1558 sis
140 1494 244 1576 defers.
257 1515 292 1576 p,
308 1497 339 1556 d.
352 1513 378 1556 r.
393 1495 441 1556 ts.
458 1493 512 1568 ait,
529 1490 598 1554 illoc
611 1499 732 1572 esterpo
745 1509 852 1554 nmessc
900 1493 981 1554 cirea
1009 1495 1128 1556 crimen
1155 1494 1385 1556 sollicitantium
1422 1493 1460 1554 ad
1495 1493 1600 1573 turpia
1635 1493 1668 1556 in

93 1588 166 1650 uuir
188 1605 379 1670 quaecumque
406 1584 590 1667 depectione
614 1584 760 1666 scripsit,
787 1603 850 1646 erc-
901 1585 1107 1648 Confessione.

93 1681 213 1744 derecr.
242 1686 365 1757 constet,
387 1677 464 1760 quud
483 1676 678 1758 Auprurtiuur,
698 1695 764 1738 cum
777 1677 851 1738 seri-
941 1677 1083 1754 Rituum,
1112 1683 1222 1759 praeest
1235 1679 1510 1743 consultationibus
1523 1679 1562 1740 dc
1575 1679 1668 1742 mori·

94 1773 173 1847 bret,
190 1772 222 1834 r'u
234 1772 340 1834 multis
357 1771 485 1833 erromt:
505 1777 531 1831 et
554 1787 581 1830 e.
607 1771 655 1834 85.
681 1769 726 1831 Dc
739 1770 853 1850 duput-
900 1769 957 1832 hus
972 1771 1124 1848 Ecclesia,
1140 1772 1178 1833 de
1192 1772 1303 1834 ritihus
1326 1773 1609 1841 sacramentorum.
1629 1773 1668 1834 dc

93 1866 147 1926 trito
159 1873 277 1945 matut,
297 1861 375 1946 pund
383 1863 482 1946 putuit
505 1880 616 1936 errore,
642 1869 668 1922 et
691 1861 725 1922 iu
749 1861 852 1924 multis
901 1863 991 1924 Horis
1013 1863 1178 1940 Breriarii,
1204 1863 1242 1925 de
1265 1864 1360 1933 culter,
1387 1871 1417 1926 et
1437 1864 1668 1944 canonizatione

92 1958 207 2033 errauit,
228 1954 500 2040 prorumpendum
516 1954 577 2035 ipse
591 1953 770 2030 retractauit,
787 1953 851 2016 ulia
903 1955 959 2016 SS.
975 1954 1169 2036 habeturque
1182 1956 1277 2018 semol
1290 1962 1413 2018 tontum
1426 1957 1460 2019 in
1472 1976 1565 2018 anno.

91 2069 153 2112 cero
166 2069 223 2112 aare
233 2049 335 2131 potuit
349 2054 521 2115 retrectare:
534 2046 665 2126 ipsamet
676 2047 706 2106 S.
717 2047 848 2124 deignat.
942 2045 1132 2124 Tridentini,
1166 2049 1293 2110 resoluit
1320 2049 1417 2112 dubia
1443 2051 1522 2112 rhea
1548 2051 1669 2112 decretu

92 2142 192 2203 relatus
206 2141 279 2202 dist.
301 2143 332 2204 e.
354 2159 378 2202 e.
394 2159 420 2202 e.
436 2141 467 2202 d.
492 2139 533 2202 air
557 2139 595 2200 de
616 2155 647 2200 se
667 2136 805 2216 loquitur
819 2137 852 2198 iu
900 2157 1026 2200 morum
1048 2145 1193 2211 conmnta
1216 2140 1250 2202 in
1273 2142 1466 2219 Tridentino,
1491 2147 1522 2204 et
1536 2142 1669 2204 habetur

91 2235 182 2316 Epist.
199 2237 228 2297 e.
245 2235 284 2298 sd
301 2233 425 2298 ilicrou.
449 2231 563 2312 Nepure
583 2249 639 2294 nen
655 2248 786 2311 possurr,
801 2249 852 2291 rec
900 2232 1029 2311 siugulis
1041 2231 1201 2298 mensibus
1215 2233 1319 2296 mmet.

90 2325 175 2402 debeo,
194 2327 271 2390 rictu
293 2327 326 2388 iu
345 2325 417 2407 epse
442 2322 613 2405 tremoribus,
630 2323 674 2384 itu
687 2322 784 2386 rrrnltc
797 2341 852 2384 ease
938 2323 1055 2386 Iudicis
1081 2324 1241 2401 librorum,
1273 2324 1406 2388 instituit
1432 2343 1563 2388 examen
1590 2330 1670 2388 circu

91 2419 119 2480 ia
132 2427 189 2482 tem
203 2417 306 2484 multis
319 2416 468 2500 opusculis
481 2415 561 2490 meri,
575 2433 641 2496 puer
652 2414 760 2495 pomini
766 2413 852 2494 justo
900 2417 994 2478 libros
1021 2417 1211 2497 prohibitos,
1240 2435 1411 2498 eorumque
1439 2419 1609 2496 catalogos,
1639 2424 1670 2480 et

84 2510 205 2592 judicie,
221 2519 250 2574 et
262 2509 350 2574 uultu
361 2506 679 2574 temeritatedumrnrt'.
694 2508 851 2582 Qtrautum
900 2508 1028 2572 indices.

90 2611 199 2680 antem,
223 2609 255 2666 et
276 2603 311 2666 iu
335 2602 448 2681 rpdhua
462 2603 584 2680 punctis
598 2599 676 2665 circu
690 2599 851 2666 materiam
939 2601 1161 2683 Epircepernm,
1181 2602 1298 2665 dirimit
1318 2603 1423 2679 duhin,
1448 2622 1484 2664 ae
1503 2604 1571 2666 litua
1590 2603 1669 2666 circu

88 2694 370 2775 muneratorium
385 2694 416 2758 S.
434 2695 565 2771 August.
580 2693 621 2758 sit
633 2691 851 2772 irrefragabilis
895 2694 978 2772 jura,
994 2694 1217 2770 immunitates,
1227 2694 1399 2775 privilegia.
1413 2714 1483 2774 quise
1493 2695 1669 2758 referuntur

89 2793 194 2852 uotum
205 2787 311 2856 Platel.
331 2805 363 2867 p.
379 2788 408 2854 l.
426 2803 474 2850 nu.
492 2784 568 2860 tas.
586 2788 617 2844 ct
630 2787 698 2848 Ars.
716 2783 750 2846 iu
768 2783 801 2848 tt
818 2785 849 2848 i.
899 2787 1125 2863 sPatriarchis,
1136 2787 1391 2866 monspiscopis,
1407 2787 1574 2867 Episcopus
1586 2788 1666 2850 aliis-

87 2899 117 2962 p.
130 2883 159 2944 ἓ.
176 2899 200 2946 c.
218 2883 248 2944 t.
265 2879 316 2958 §3
333 2877 353 2943 ¹.
899 2895 960 2958 que
971 2877 1344 2940 EcclesiasticisPraelatis.

22 2977 69 3040 stt
126 2974 159 3049 Q.
183 2975 232 3037 dt.
256 2971 295 3034 Si
309 2969 408 3052 optato
424 2967 462 3032 ud
485 2967 590 3050 utiquc
610 2967 705 3032 Sucru
722 2967 848 3050 Conpre-
939 2969 1145 3051 deputerium,
1167 2971 1331 3051 respondet
1353 2971 1392 3034 ad
1407 2971 1501 3034 dubia
1514 2973 1669 3053 proposita

87 3064 196 3144 potione
210 3065 314 3131 dome
330 3060 496 3138 dumumur,
518 3077 557 3124 na
577 3057 766 3125 idcoumittet
778 3079 850 3141 pro·
900 3062 1157 3141 aliegulmibus3
1182 3063 1319 3142 immqtre
1342 3063 1382 3126 ad
1408 3082 1517 3129 summ
1545 3071 1667 3128 contro-

89 3155 291 3220 dclu'litntem?
306 3157 336 3220 R
351 3153 373 3218 ².
900 3155 1026 3231 versiae,
1040 3160 1071 3216 et
1085 3155 1164 3218 circa
1178 3155 1372 3236 apostasiam.

123 3249 140 3328 5
156 3252 181 3312 l.
202 3249 304 3312 Varie
318 3252 392 3313 sttui
405 3250 589 3327 congreget.
607 3248 728 3320 Romu,
740 3253 852 3326 nempe
944 3245 1162 3324 Cnrdr'unla'um,
1174 3249 1238 3327 agit
1252 3249 1290 3310 de
1304 3251 1504 3330 propaganda
1518 3252 1577 3314 fide
1595 3271 1602 3315 ι
1615 3253 1671 3315 hu·

117 3450 289 3518 lipsaautem
302 3448 452 3516 hipponensis
466 3449 572 3514 mariun
589 3449 668 3500 eidus
682 3448 759 3500 iusuo
774 3448 852 3500 ultimo
901 3448 1011 3515 imprimis
1025 3451 1179 3516 petuhnsilla
1196 3452 1352 3506 hereticorum
1376 3454 1449 3506 hutor
1462 3455 1547 3510 Paulus
1566 3458 1669 3527 Sarptus,

86 3541 149 3592 opere
162 3527 213 3584 hae
241 3527 356 3593 mutemus
369 3529 418 3580 est:
441 3545 451 3572 ι
480 3524 599 3576 Neminem
613 3523 680 3576 velim
696 3523 731 3586 sic
748 3523 852 3590 amplecti
901 3537 968 3590 quem
981 3527 1138 3592 copiosissime
1151 3528 1255 3582 reluhvit
1269 3529 1298 3580 u.
1314 3529 1460 3586 Pallaricini:
1477 3533 1534 3586 tales
1556 3535 1671 3590 tuersalii

87 3603 157 3654 nuria
170 3617 221 3658 rnna
239 3607 264 3654 ιιι
282 3605 442 3668 nasequntur,
452 3599 495 3654 nisi
509 3601 532 3653 in
545 3599 623 3652 iisne
636 3613 681 3652 uon
698 3613 786 3652 errasse
797 3615 851 3668 per·
901 3599 968 3652 Sedis
981 3603 1117 3668 Apostolice
1130 3603 1291 3656 detractatores
1304 3604 1500 3670 intensissint,uti
1517 3610 1564 3665 ian
1587 3613 1670 3680 Fspen,
1746 3659 1762 3684 ,

87 3679 174 3744 ruem.
190 3678 248 3730 Nam
264 3681 383 3746 propterea
402 3691 461 3730 nuur
481 3676 540 3728 lario
557 3675 627 3727 libros
641 3675 664 3726 in
681 3675 762 3742 quihus
784 3691 853 3744 opus-
901 3675 999 3744 lleury,
1013 3678 1162 3740 lamberiui,
1184 3679 1294 3746 Dupinins
1319 3685 1341 3730 et
1359 3681 1482 3747 munojus.
1500 3704 1510 3732 ι
1527 3685 1604 3752 (Scau.
1629 3701 1669 3744 ιιι.

87 3754 134 3805 culn
145 3769 194 3806 nea
205 3754 349 3806 retractanda
366 3752 465 3820 suscepi,
481 3757 506 3803 ut
522 3765 565 3804 nec
578 3751 688 3818 meipsum
710 3751 732 3804 in
748 3752 852 3804 omuibus
902 3751 970 3816 set).
985 3755 1005 3802 d
1019 3767 1063 3819 qua
1080 3767 1174 3805 erronea
1201 3754 1292 3807 nornine
1307 3758 1425 3819 sententia,
1438 3758 1497 3822 juris
1513 3763 1612 3814 euersira
1626 3778 1671 3830 quo

86 3843 119 3881 na
128 3835 228 3884 mentum
243 3829 483 3891 mimendensem,
498 3827 537 3878 ssd
551 3828 694 3894 proliciente
705 3841 740 3879 me
750 3828 852 3880 existimo
901 3827 1018 3880 humanus
1031 3828 1143 3892 Pontifex,
1162 3829 1236 3881 Peter
1249 3833 1272 3880 et
1289 3831 1378 3882 Ductor
1394 3833 1503 3884 omnium
1517 3835 1672 3890 Christiano-

87 3901 130 3958 uu
146 3905 268 3962 nhemnts
281 3905 410 3971 meipsisse,
419 3917 463 3959 non
478 3907 553 3960 umen
567 3917 582 3956 a
595 3902 733 3968 porrectione
745 3903 850 3970 cepisse
902 3917 957 3955 rum
971 3903 1041 3970 pollet
1055 3904 1171 3969 pmmrdi
1185 3906 1285 3970 repandi
1302 3910 1326 3956 et
1344 3907 1495 3970 subruendi
1508 3912 1671 3966 urirerrutarn

86 3981 263 4050 quandoquidem
283 3979 425 4044 cercentius
440 3979 520 4044 loqtrnr
533 3991 599 4044 quam
615 3977 690 4033 verius
704 3979 723 4036 si
740 3979 776 4030 rel
792 3993 852 4032 ntrnc
903 3979 1048 4042 Ecctminm,
1064 3980 1170 4037 neentis
1184 3982 1356 4034 receditrorun
1366 3982 1474 4050 placitum
1487 3986 1525 4051 qui
1539 4001 1564 4040 sc
1574 3989 1671 4044 eximere

86 4055 134 4108 dico
150 4071 186 4108 me
199 4057 229 4108 ad
244 4055 405 4122 perlectionem
419 4054 468 4106 sine
480 4053 526 4105 ullo
540 4067 617 4104 emere
632 4052 745 4106 scribendi
757 4055 804 4119 jam
829 4055 852 4106 in
903 4055 980 4120 alege
994 4055 1082 4108 iudicia
1098 4055 1162 4106 irrito
1175 4059 1278 4122 satagunt
1295 4061 1386 4118 conatu.
1402 4058 1436 4116 tt
1458 4061 1588 4116 assuetus
1601 4079 1671 4120 sana·

87 4131 124 4183 isin
141 4137 206 4184 etate
231 4130 361 4182 uenisse...
384 4129 451 4194 ·(de
470 4130 536 4180 Ιιοιιι
558 4129 852 4196 recesseruntque
903 4144 946 4195 quc
977 4130 1103 4196 exploditur
1129 4130 1253 4196 Thcoiopia
1272 4132 1385 4185 distinctio
1399 4133 1438 4186 illa
1463 4151 1530 4203 quarn
1554 4139 1671 4194 instituere

85 4209 155 4258 anum
181 4205 278 4274 petenda
300 4205 331 4257 sit
356 4204 446 4264 ueritas,
467 4203 516 4270 ipse
539 4203 631 4264 indicat,
662 4203 691 4256 nd
713 4204 853 4258 Bonifatium
903 4209 1021 4260 voluerunt
1034 4209 1187 4261 interlihmm
1201 4211 1344 4261 dementum
1361 4226 1388 4264 nc
1399 4215 1558 4278 prohibitum.
1583 4219 1671 4288 Deque

85 4281 166 4349 Papam
179 4297 251 4350 opera
266 4281 370 4347 quadam
384 4295 425 4334 sua
438 4280 543 4332 mittem:
559 4299 568 4327 ι
584 4279 634 4332 hac
650 4294 723 4346 ego...
739 4281 767 4332 ad
781 4282 852 4334 Tuam
903 4284 1089 4350 prestantissima
1098 4285 1370 4352 arguuuntctcgtdetent
1382 4301 1433 4354 qne
1448 4294 1670 4357 congessissent).

85 4358 223 4424 podximpm
238 4358 336 4423 diripere
350 4355 495 4412 &ruhniam
513 4370 558 4409 non
581 4361 627 4408 tam
656 4357 763 4411 discenda
785 4371 852 4424 quam
903 4361 983 4424 Bouix,
998 4359 1022 4414 in
1036 4375 1077 4412 suo
1104 4361 1134 4414 de
1156 4361 1232 4416 Curia
1255 4363 1365 4418 domurn
1388 4369 1493 4420 tractatu.
1516 4369 1574 4422 ula
1588 4371 1671 4427 Scorto

84 4439 233 4499 eranunanda
246 4443 270 4493 et
287 4437 325 4491 utri
342 4436 436 4488 torsiun
462 4435 546 4502 aliquid
559 4434 698 4502 displicuerit
715 4436 853 4492 ernendanda
904 4436 1068 4506 conmuniter
1096 4436 1136 4488 des
1163 4436 1298 4500 medinam,
1322 4439 1443 4508 interprete
1469 4443 1500 4498 du
1527 4443 1619 4503 Curretia
1644 4449 1672 4502 de

85 4515 196 4566 mustitui.
215 4531 225 4561 ι
250 4511 326 4580 (Cori.
345 4511 579 4574 sussepissent,
607 4525 630 4562 n.
646 4511 682 4576 3.)
696 4511 760 4564 Unde
785 4527 853 4578 pros-
903 4513 994 4570 Trente,
1018 4513 1056 4562 n'n
1068 4511 1132 4580 point
1144 4511 1215 4564 hesitt
1240 4511 1254 4567 i
1273 4514 1401 4580 supprimet
1414 4516 1470 4570 dans
1493 4519 1527 4572 les
1540 4507 1628 4578 diercis
1641 4525 1671 4578 du

84 4587 153 4656 cripta
166 4587 209 4641 tuit
223 4589 266 4640 ista
279 4586 416 4653 propositio:
440 4587 483 4638 titt
504 4589 558 4652 puis
576 4587 695 4638 inuenerit
716 4587 853 4639 doctrinam
903 4587 995 4640 Concde
1009 4587 1037 4638 de
1050 4587 1073 4638 la
1086 4587 1197 4640 Proriuce
1226 4587 1254 4640 do
1279 4589 1356 4642 heims
1377 4591 1406 4644 de
1422 4592 1510 4646 l'enntu
1535 4597 1610 4664 tuat,
1629 4617 1672 4654 une
1759 4611 1762 4618 ’

84 4663 110 4713 ts
127 4663 265 4729 Aaprnttao
285 4662 496 4726 modulaminum
512 4663 807 4727 obsolutepetcrttenere
830 4669 854 4716 et
903 4664 979 4716 clause
992 4661 1106 4714 taceretis
1119 4663 1132 4714 a
1146 4663 1525 4734 certninescontumesdesdplises
1539 4673 1671 4740 delmona,

84 4737 176 4804 timere,
203 4753 255 4790 nou
282 4737 433 4803 respiciendo
452 4737 484 4788 nd
501 4737 579 4788 ullum
606 4737 734 4802 Pontificio
749 4737 851 4791 tultam.
905 4737 1188 4791 ettiustreril'articie
1205 4740 1233 4790 de
1248 4740 1271 4790 la
1284 4739 1347 4792 Bulla
1361 4743 1473 4797 iscurra
1495 4747 1602 4813 morini,
1618 4755 1672 4804 tou·

85 4813 136 4868 llaec
153 4817 187 4866 est
201 4813 317 4868 mtiedrn
332 4813 432 4864 unitatis
450 4813 476 4864 iu
493 4827 550 4882 qun,
565 4815 590 4864 ut
607 4811 656 4880 ipse
672 4811 726 4864 alibi
741 4813 850 4880 loqtritur,
905 4815 972 4867 chent
984 4815 1006 4868 la
1019 4814 1105 4868 lectum
1122 4815 1162 4870 dea
1175 4815 1243 4870 liures
1257 4816 1296 4871 des
1310 4815 1445 4885 ueroque.
1461 4836 1499 4876 ces
1518 4826 1608 4891 perolas
1621 4828 1672 4882 trien

82 4890 161 4952 posuit
179 4889 246 4942 Dour
260 4887 525 4940 doctrircmccritnttr.
905 4890 1044 4958 expressivas
1069 4889 1125 4944 dans
1151 4891 1200 4946 leur
1225 4891 1322 4944 sobrittd
1345 4911 1351 4944 :
1375 4895 1523 4952 «Ceterum
1547 4909 1673 4958 seruentur

115 4967 131 5018 t
154 4967 217 5019 luter
239 4971 272 5019 tot
298 4980 400 5028 errores,
424 4966 506 5032 quibus
524 4969 589 5018 etate
605 4971 683 5020 nostra
706 4969 854 5035 posteiniert
904 4967 995 5030 repnte
1012 4967 1109 5018 indicis.
1128 4984 1137 5012 ι
1155 4965 1199 5036 (tlt.
1216 4981 1243 5020 ac
1266 4967 1316 5020 ult.
1341 4969 1368 5021 C.
1392 4969 1496 5034 Gousset,
1517 4975 1608 5042 depos.
1631 4981 1673 5034 dea

84 5043 190 5096 dimicare
204 5045 290 5096 conata
307 5045 360 5094 suot
382 5046 460 5094 muira
475 5057 549 5094 reram
568 5043 650 5096 Christi
667 5044 801 5108 Ecclesiam,
812 5046 854 5098 iste
902 5046 1035 5112 principes,
1051 5050 1107 5110 eta,
1118 5061 1141 5112 p.
1159 5045 1228 5113 150.)
1244 5065 1254 5094 ι
1270 5047 1290 5098 h
1304 5047 1353 5100 solo
1376 5049 1405 5101 li.
1423 5051 1578 5106 Pontificevel
1599 5059 1672 5113 nSS.

85 5117 149 5172 adam
159 5117 211 5182 mit,
227 5129 273 5183 quo
282 5115 446 5170 contendebant
457 5117 559 5168 nonnrtllt
568 5117 626 5171 hano
640 5119 660 5170 nl
676 5133 720 5172 rtou
734 5121 855 5172 convenire
905 5120 1123 5186 &catenationibus
1144 5121 1171 5174 S.
1187 5121 1260 5174 Otilcii
1283 5127 1322 5174 aut
1335 5123 1418 5176 Indicis
1430 5126 1522 5180 licentia
1534 5129 1674 5197 impetranda

85 5197 227 5258 potasetenr,
240 5191 375 5260 prohibendi
393 5206 473 5258 nempe
485 5192 555 5252 tihros
569 5194 661 5258 pratum
677 5195 773 5261 ideoque
786 5195 856 5262 ipsius
906 5199 940 5248 est
952 5197 1042 5262 legendi
1054 5195 1127 5250 libros
1140 5211 1180 5263 per
1193 5197 1267 5264 ipsum
1281 5199 1414 5252 Pontificem
1436 5202 1470 5254 rel
1484 5202 1674 5272 dormiturus

85 5266 133 5340 laps
146 5283 193 5322 noo
217 5267 320 5323 obstante
342 5267 420 5334 (nodo
442 5267 708 5327 arideussubrersionis
730 5271 856 5336 periculum
905 5272 1061 5339 prohibitos...
1077 5273 1176 5338 lloojus
1198 5273 1302 5326 omnihus
1330 5275 1443 5344 episcopis
1464 5277 1532 5340 dabat
1555 5282 1674 5340 instructio

84 5341 250 5410 nonappareat)
260 5342 330 5394 libros
344 5356 497 5410 quoscumque
506 5343 534 5394 ab
544 5343 649 5396 omnihus
662 5349 709 5396 tnta
718 5345 855 5398 corniculis
903 5348 1025 5400 C¹emeutis
1039 5349 1087 5399 till
1112 5347 1213 5416 (tonsu
1229 5349 1268 5401 sed
1282 5349 1337 5402 illud
1350 5357 1429 5417 pestes
1441 5353 1497 5420 ipsis
1509 5355 1622 5410 sublatum
1641 5369 1675 5414 est

85 5417 168 5488 perlegi
182 5431 295 5489 possa-
308 5417 363 5470 llec
378 5417 481 5473 doctrirn
496 5418 572 5494 pnt'ms
585 5419 742 5473 itereticoruu
757 5421 855 5482 cst;sud
904 5437 944 5489 per
957 5423 1090 5488 (tragurium
1105 5423 1145 5475 xv
1171 5429 1245 5482 coust.
1274 5423 1445 5490 Apostolorum
1458 5429 1554 5498 (tute),
1569 5432 1675 5490 irrorata

84 5493 236 5556 imminere
251 5492 725 5566 stenesnastris,quican1inpudeuier
742 5496 791 5558 nusi
803 5503 855 5550 sunt
903 5499 932 5552 ab
949 5499 1040 5562 Urbano
1050 5500 1098 5558 tut
1109 5498 1203 5567 ittet).
1219 5499 1290 5566 Lesas
1300 5517 1322 5569 p.
1341 5503 1396 5560 tud.
1420 5503 1494 5572 (eutr.
1511 5506 1575 5570 unt.)

85 5569 188 5634 aenigne
213 5583 264 5622 curn
289 5568 415 5634 heredihili
433 5569 559 5636 spinterum
591 5572 699 5642 perstricte.
725 5573 786 5636 tntis
814 5574 854 5627 tuit
