4106 6328
569 400 619 460 DE
640 399 745 461 touls
766 397 933 462 uentus
955 396 1196 458 Tttuotoalm.
1639 393 1678 453 tt

160 563 280 627 Cotuum
296 562 436 640 uolumus,
456 571 489 626 ut
507 563 673 626 eorrrmdem
691 564 858 626 litterarum
908 579 963 624 nes
975 561 1064 624 nobis
1088 559 1205 622 oblatas
1220 560 1474 640 expenderemus,
1490 576 1525 620 aa
1544 557 1583 619 de
1599 576 1679 619 uua·

124 657 202 719 tenori
211 656 252 717 tie
264 657 378 736 inserto,
395 657 451 720 illo
474 658 537 739 ipso
552 658 668 719 omuino
684 657 756 739 fides
771 656 857 718 odiri·
909 673 1032 734 quaque
1041 672 1149 716 earum
1156 660 1272 714 eertum
1282 659 1313 714 et
1322 653 1515 733 perspicuam
1528 651 1680 712 ferremus

123 750 212 826 butu,
234 748 398 831 utriumque
419 759 446 812 et
471 752 719 831 quandocumque,
749 751 806 812 siue
827 755 861 810 iu
909 748 1104 808 senteutiam.
1120 749 1222 807 Tener
1235 765 1310 807 vero
1327 746 1525 826 praefatarum
1541 744 1682 824 Proposi-

115 841 222 922 judiu‘o,
235 841 288 904 sive
301 842 373 904 olibi
386 842 482 923 fuerit
496 842 653 912 emittitur,
664 843 710 903 uel
723 851 858 918 osismus,
909 841 1031 902 tionum
1045 845 1091 900 est
1105 846 1196 920 prout
1209 839 1359 919 sequitur.

119 933 265 994 u'ruttliius
275 935 472 1016 oriqiuulibus
486 936 593 997 litteris
607 934 757 1017 predictis
770 933 859 995 odiri·
951 935 976 994 1.
1002 933 1113 1011 Aliqua
1136 933 1190 993 Dei
1212 946 1367 1012 praecepta
1388 930 1567 994 homiuibus
1589 930 1681 1010 justis

100 1095 103 1102 ¹
119 1026 223 1104 hretur,
233 1032 258 1088 si
267 1027 337 1108 epse
346 1027 563 1104 exhiberentur,
575 1028 620 1089 uel
633 1026 859 1104 ostenderentur,
910 1026 1095 1102 volentibus
1108 1031 1138 1088 et
1152 1026 1345 1102 sonantibus,
1361 1026 1532 1087 seeundum
1545 1043 1681 1105 praesen-

118 1117 860 1201 Nuili‘erpoomuiuobomr'uumiieeuttouepopiuom
910 1125 956 1180 tes
970 1137 1046 1198 quas
1057 1119 1174 1180 habeut
1185 1120 1276 1196 vires,
1288 1126 1361 1181 sunt
1370 1118 1683 1200 impossibiliazdeest

117 1217 206 1272 nostre
217 1213 373 1274 ooluutotis
387 1213 560 1294 iustisque,
578 1213 623 1275 oet
643 1214 672 1274 ei
687 1233 760 1274 ausu
776 1219 863 1272 teme-
912 1230 1035 1291 quoque
1049 1212 1109 1272 iilis
1119 1211 1228 1290 gratia,
1244 1231 1305 1292 qua
1323 1211 1481 1292 possibilia
1494 1211 1581 1272 fiant.

117 1304 187 1365 eurio
206 1306 355 1367 mutroirs.
380 1305 419 1368 Si
434 1311 499 1389 quis
524 1314 621 1368 autem
644 1305 695 1366 boo
719 1313 863 1366 adestare
952 1306 995 1366 11.
1016 1305 1159 1366 luteriori
1173 1305 1280 1384 gratim
1299 1305 1333 1367 in
1347 1311 1428 1367 statu
1442 1311 1563 1366 naturae
1575 1305 1681 1386 lapsae,

112 1399 322 1480 presumpserit,
331 1397 562 1480 indignationem
573 1398 781 1480 Oruuipoteutis
790 1397 859 1472 Dei,
912 1415 1075 1477 nunquam
1088 1399 1250 1460 resistitur.

115 1508 142 1550 oe
152 1490 298 1554 Brutorum
314 1492 402 1554 Petri
414 1501 441 1553 et
455 1492 550 1558 Pauli
568 1492 767 1574 Apostolorum
788 1490 861 1572 ejus,
954 1492 1011 1551 III.
1026 1492 1073 1551 Ad
1087 1492 1272 1552 merendum
1281 1497 1312 1552 et
1321 1491 1544 1553 demerendum
1554 1491 1589 1551 in
1602 1497 1684 1553 stetu

114 1584 239 1644 uuooerit
252 1585 451 1662 incursurum,
525 1623 530 1634 ·
892 1589 1033 1646 'uaturae
1058 1585 1163 1664 lapse,
1180 1603 1245 1646 non
1267 1584 1437 1664 requiritur
1459 1585 1492 1645 in
1511 1583 1685 1646 homineb-

146 1675 246 1737 Datum
260 1679 366 1740 Romae
377 1677 460 1759 apud
474 1678 655 1740 S.Petrum.
668 1695 750 1738 anno
765 1676 865 1738 Incar-
913 1677 1016 1740 bertas
1041 1695 1061 1738 a
1082 1678 1272 1756 necessitate,
1301 1678 1354 1740 sed
1382 1677 1494 1738 suffieit
1516 1676 1640 1738 libertas
1667 1695 1687 1738 a

114 1768 228 1830 uetioms
251 1772 419 1832 Dominieae
453 1772 541 1847 tere,
576 1774 687 1850 quarto
713 1768 865 1830 Kalendas
914 1771 1080 1840 mantione,

114 1860 262 1942 Februarii,
280 1863 480 1928 Pontificatus
493 1863 592 1926 nostri
606 1881 689 1924 anno
703 1867 824 1924 ottavo.
955 1865 1012 1926 IV.
1035 1862 1272 1943 semipelagiani
1282 1863 1485 1925 admittebant
1498 1862 1689 1942 praevenien-

143 1953 303 2020 Posterioro
319 1956 405 2020 uerbo
424 1956 734 2038 sieiuterpuuueruut
745 1951 865 2034 quedam
915 1958 953 2018 tis
965 1957 1074 2036 gratim
1088 1957 1244 2018 interioris
1256 1957 1469 2018 necessitatem
1487 1957 1527 2017 ed
1548 1955 1688 2034 singulos

112 2045 235 2129 dissipati
245 2050 335 2132 Boji.
347 2051 427 2124 Ques
438 2050 564 2130 quidem
578 2048 744 2112 sententies
760 2047 865 2108 strimo
915 2056 1012 2127 aetus,
1027 2050 1120 2112 etiem
1132 2050 1172 2110 ad
1184 2049 1306 2110 initium
1322 2049 1416 2111 fidei:
1434 2056 1465 2110 et
1477 2049 1512 2110 iu
1527 2050 1587 2110 boo
1600 2055 1689 2110 eraut

113 2159 199 2205 rorem
212 2143 304 2207 nobis
318 2143 865 2223 examiuepouderatas,qusmquam
915 2143 1064 2220 haeretiei,
1092 2143 1176 2222 quod
1199 2143 1315 2204 vellent
1339 2161 1409 2204 eam
1435 2141 1568 2222 gratiam
1594 2143 1689 2204 talem

112 2235 252 2300 nonnullas
279 2237 384 2316 aliquo
407 2241 496 2316 paeto
517 2235 662 2298 sustiueri
684 2238 809 2314 possent
831 2233 867 2294 in
916 2255 991 2312 esse,
1021 2235 1071 2297 eui
1089 2240 1191 2314 posset
1212 2236 1350 2298 humane
1372 2236 1516 2298 voluntas
1535 2235 1686 2312 resistere,

112 2325 395 2410 rigore,etprop1io
408 2329 577 2390 verborum
596 2345 690 2390 sensu
707 2327 747 2388 ab
768 2343 865 2388 esser·
915 2330 965 2392 rel
979 2329 1204 2408 obtemperare.

111 2419 214 2482 toribus
241 2423 375 2499 intento,
403 2421 572 2496 hereticas,
607 2437 764 2493 erroneas,
792 2424 865 2496 ete,
957 2423 996 2484 V.
1019 2420 1302 2502 Seruipelagianum
1325 2427 1381 2498 est,
1405 2419 1506 2482 dicere
1535 2421 1691 2484 Christum

112 2511 280 2580 tmmmus
300 2535 307 2578 ι
324 2515 378 2578 Eu
392 2533 450 2598 quo
464 2515 692 2594 ruterpuuetioue
708 2509 868 2594 inserebant
918 2534 974 2596 pro
1002 2515 1147 2576 omnibus
1169 2514 1298 2575 omnino
1321 2514 1501 2576 homiuibus
1528 2521 1690 2577 mortuum

111 2605 209 2668 nullom
227 2607 423 2670 detuuuiuote
444 2606 506 2668 dibi
523 2625 605 2687 posse
622 2605 801 2680 domnolum,
820 2600 870 2664 sed
917 2613 1058 2684 essesut
1070 2609 1252 2686 sangsunem
1262 2607 1386 2668 fudisse.

112 2703 209 2762 tuntum
235 2701 358 2782 aliquos
381 2699 613 2764 indeterminate.
644 2697 762 2778 ideoque
785 2711 869 2777 posse
956 2700 1138 2780 Nosquibus
1152 2699 1616 2780 intermultiplieeseuras,quee
1626 2701 1691 2762 ani·

110 2789 226 2871 singulos
243 2792 366 2873 defendi
378 2797 409 2854 io
425 2812 453 2854 se
470 2811 553 2854 sensu
566 2791 603 2852 ob
620 2788 806 2852 assertoribus
821 2789 867 2850 io·
918 2812 1006 2856 mum
1023 2799 1166 2855 nostrum
1179 2793 1299 2854 assidue
1316 2794 1451 2872 pulsant,
1472 2794 1524 2854 illa
1536 2792 1569 2854 in
1583 2793 1691 2873 primis

111 2888 196 2946 testo:
213 2885 262 2948 sed
287 2884 426 2949 llrbouur
451 2883 536 2961 VIII,
558 2884 588 2944 iu
612 2881 750 2947 Guseroli
777 2880 866 2961 Ibup.
918 2887 1002 2949 eordi
1025 2891 1080 2962 est,
1098 2892 1133 2947 ut
1154 2886 1284 2946 Eeelesia
1300 2886 1354 2946 Dei
1368 2886 1459 2947 nobis
1473 2905 1511 2946 ex
1524 2885 1586 2946 alte
1610 2903 1692 2946 eom-

110 2973 148 3038 oe
159 2979 205 3040 tt.
222 2981 314 3042 test.
321 2977 468 3059 prodierit
482 2975 670 3040 exarmato
684 2973 820 3049 Bellum,
833 2975 869 3036 ln
918 2981 1023 3056 missa,
1037 2979 1175 3059 purgatis
1194 2997 1361 3057 pravarum
1380 2979 1564 3057 opinionum
1579 2979 1690 3038 errori-

112 3069 253 3141 rumenti,
285 3071 317 3130 iu
345 3089 403 3152 quo
425 3068 532 3149 repetit
554 3067 638 3130 outo
659 3066 691 3136 S,
711 3066 767 3128 Pii
792 3065 825 3130 V·
839 3073 869 3126 et
918 3073 988 3148 bus,
1005 3077 1071 3134 tuto
1085 3071 1267 3146 militare,et
1279 3076 1441 3150 tamquam
1456 3071 1543 3132 navis
1560 3071 1593 3132 in
1605 3076 1690 3130 trau-

109 3177 215 3242 fflmmss,
241 3163 370 3246 pontiur
392 3170 457 3243 poti
486 3161 513 3224 Τ
511 3181 538 3224 ⁰·
564 3168 706 3240 POSSssUtt
731 3165 870 3240 erantque
919 3165 1015 3244 quilla
1043 3165 1133 3241 mari,
1160 3165 1271 3224 sedetis
1299 3164 1442 3225 omnium
1471 3168 1692 3244 tempestatum

111 3251 357 3337 itterpouetioues,
372 3255 421 3318 uti
441 3255 542 3336 primo
555 3253 718 3317 retulimus.
734 3251 869 3315 Postmo·
920 3258 1061 3320 flactibus
1074 3276 1110 3318 ae
1133 3257 1285 3336 procellis,
1304 3275 1409 3318 secure
1428 3257 1584 3335 navigare,
1604 3257 1692 3317 etad

109 3343 167 3408 lum
178 3347 438 3430 Cojoaidireruut
446 3345 563 3410 Bullam
576 3345 712 3421 illumin
722 3343 871 3404 eminenti
920 3357 1059 3432 optatum
1072 3350 1177 3410 salutis
1191 3355 1317 3430 portum
1328 3350 1490 3430 pervenire
1503 3349 1610 3429 possit.

110 3455 155 3499 Μ
174 3442 399 3524 repromittam,
425 3438 502 3522 quod
527 3437 678 3502 domuooit
700 3433 872 3502 Alexander
905 3437 913 3452 ⁸
961 3446 1018 3506 Pro
1030 3444 1076 3504 rei
1090 3445 1249 3521 gravitate,
1270 3460 1376 3503 rerem
1395 3443 1551 3522 aliquibus
1572 3443 1692 3502 Sanotte

114 3530 189 3594 VIII.
215 3534 264 3596 die
279 3539 298 3594 'l
318 3532 441 3595 derremb.
469 3534 556 3594 teto.
577 3531 611 3592 io
625 3547 744 3612 propos.
760 3531 810 3590 31·
824 3532 871 3592 titt
921 3539 1068 3598 Romame
1083 3535 1223 3597 matese
1238 3535 1451 3596 Cardiualibus
1469 3535 1509 3596 ad
1526 3535 1559 3595 id
1577 3535 1693 3614 speeie-

110 3625 266 3706 mseremiu.
919 3631 990 3691 litor
1004 3630 1114 3709 saepius
1129 3629 1334 3708 cougregatis,
1356 3648 1392 3689 ae
1405 3628 1546 3708 pluribus
1560 3627 1593 3689 in
1607 3645 1693 3692 suoru

920 3723 1087 3802 Theologin
1101 3722 1263 3800 biagistris,
1282 3721 1404 3782 easdem
1420 3721 1558 3801 quinque
1577 3723 1691 3800 Propo-

458 3784 511 3848 ΙΙΙ.
921 3815 1056 3890 sitiones,
1073 3822 1228 3894 utsupra,
1244 3813 1473 3882 uobisobletas,
1490 3813 1619 3876 ieeimus
1630 3814 1693 3872 siu-

921 3908 1051 3984 gilletim
1077 3907 1240 3985 diligenter
1282 3906 1452 3966 examinari
1483 3925 1489 3964 :
1522 3923 1693 3984 eorumque

162 3959 492 4052 ruuooeuru
542 3957 700 4046 rara
751 3955 805 4062 x,
921 3999 1077 4078 „ff„„
1099 4005 1168 4060 „m
1185 4003 1354 4074 „„„,
1377 3999 1489 4077 „gt
1511 3998 1607 4059 „tt

339 4144 637 4218 CONSTITUTIO
921 4098 990 4156 ture
1009 4089 1293 4194 consideravimus:
1315 4091 1499 4194 eesdemque
1520 4090 1691 4196 Magistros,

921 4186 1014 4249 trariis
1035 4201 1138 4246 eoram
1166 4181 1255 4244 nobls
1281 4187 1355 4242 setis
1383 4183 1691 4262 congregationibus,

137 4303 174 4360 lie
188 4317 316 4376 qumque
330 4297 565 4371 Propositionibus
578 4313 613 4353 ex
628 4298 753 4354 tisssuu
770 4295 838 4353 libro
922 4279 1040 4359 Pffllissss
1051 4294 1144 4356 super
1157 4275 1285 4352 eisdem,
1301 4293 1336 4335 ³⁰
1359 4291 1453 4354 sUPGP
1471 4293 1579 4337 ebrum
1593 4274 1693 4356 quali·

418 4383 562 4454 excerptis.
923 4371 975 4434 bet
987 4369 1163 4432 differentes
1176 4368 1361 4430 audivimus.

963 4465 1041 4524 Cum
1063 4468 1169 4524 eutem
1187 4462 1226 4522 eb
1245 4461 1333 4521 initio
1352 4459 1567 4539 hujuscemodi
1580 4460 1694 4521 disaus·

188 4551 490 4630 lNNOGENTIUS
541 4549 777 4624 EPISCOPUS
923 4555 1016 4617 sionis
1042 4556 1082 4617 ad
1103 4555 1244 4616 divinum
1274 4553 1504 4633 implorandum
1531 4553 1691 4630 auxilium,

922 4649 1096 4710 multarum
1107 4647 1222 4708 Christi
1232 4647 1371 4709 fidelium
1386 4663 1501 4726 praees,
1517 4652 1585 4707 tum
1595 4646 1695 4725 priva·

923 4741 990 4815 tim,
1020 4748 1089 4804 tum
1114 4739 1236 4820 publice
1255 4739 1480 4812 indixissemus,
1494 4739 1694 4818 postmodum

107 4837 262 4902 Universis
276 4833 389 4898 Christi
408 4831 551 4896 fidelibus
574 4830 711 4896 Salutem
731 4836 762 4896 et
779 4831 875 4910 Apos-
922 4833 1040 4896 iteratis
1054 4832 1168 4894 eisdem
1188 4832 1366 4906 ferventius,
1382 4851 1417 4893 ae
1435 4851 1490 4912 per
1509 4850 1566 4892 uos
1580 4830 1694 4892 solicite

283 4929 409 4990 tolieam
435 4924 692 4988 benedietionem.
923 4925 1086 5006 implorata
1107 4926 1210 4986 Samii
1228 4926 1359 5006 Spiritus
1372 4924 1554 4998 assistentia,
1569 4923 1695 4984 tandem

924 5017 1028 5080 divino
1061 5018 1196 5080 Numine
1231 5017 1364 5095 favente,
1402 5018 1441 5078 ad
1469 5015 1695 5095 infrascriptam

140 5119 218 5182 Cum
232 5115 394 5178 oeomioue
408 5110 618 5192 impressionis
630 5109 712 5183 libri,
736 5109 785 5172 eui
805 5109 876 5172 titu-
924 5110 1106 5175 devenimus
1119 5111 1356 5178 deelarationem
1372 5110 1633 5172 etdeiinitieuem.

105 5207 159 5286 lus,
180 5208 373 5290 Aequitiuus
402 5203 535 5268 comte
561 5201 702 5278 Iemerii,
731 5201 877 5284 Episcopi
965 5205 1100 5268 Primam
1123 5199 1339 5282 praedictarum
1352 5203 1611 5283 propositionum,
1627 5199 1695 5262 Ali·

105 5299 243 5380 Ipremis,
259 5301 342 5366 iuter
354 5298 428 5362 elias
442 5297 507 5376 ejus
520 5295 680 5376 opiniones
691 5309 760 5356 orte
771 5294 873 5369 tuerit,
926 5315 985 5377 quo
995 5294 1052 5356 Ilei
1058 5303 1209 5376 praerepto
1219 5294 1386 5356 horninibus
1389 5295 1481 5377 juste
1495 5292 1661 5368 uoluttibiu,
1668 5298 1696 5354 et

104 5393 322 5473 preserumin
335 5387 876 5468 Gauiis,mutrovarsiasuperquin-
926 5387 1107 5461 rouootibus,
1133 5387 1285 5448 secuudum
1305 5395 1465 5470 presentes
1487 5406 1558 5469 quos
1589 5384 1696 5447 habeut

106 5505 162 5566 que
183 5507 225 5553 ex
249 5487 335 5550 illia:
356 5483 531 5564 complures
550 5481 720 5546 Galliarum
736 5478 878 5560 Episeopi
928 5481 1011 5557 uires,
1045 5487 1112 5542 suet
1135 5480 1329 5562 impossibilia
1359 5501 1368 5541 .·
1398 5480 1472 5543 deest
1498 5498 1607 5561 quoque
1636 5477 1698 5538 iltis

285 4713 408 4760 SERVUS
430 4712 604 4756 SERVORUM
626 4711 692 4753 DEI.

105 5581 184 5660 apud
198 5585 260 5642 uos
275 5578 464 5652 institerunt,
485 5581 521 5638 ut
543 5575 666 5638 easdem
691 5572 877 5652 Propositio-
927 5572 1038 5654 pretio,
1053 5591 1112 5652 quo
1129 5573 1278 5652 passibilia
1292 5572 1368 5652 fiout
1383 5593 1394 5634 .·
1407 5573 1617 5650 temerariam,
1638 5571 1696 5631 im*
