3946 6344
1243 429 1272 478 a»
1374 439 1384 448 ⁹

1273 485 1285 515 Ι
1350 486 1382 522 vd.

282 547 322 608 78
385 532 447 612 §E
461 531 725 612 Omncsbaptizati
740 535 867 610 possunt
881 531 974 590 etiam
988 549 1113 611 perpes
1165 484 1387 596 tamenet'iam
1407 535 1501 597 armis
1516 537 1661 616 impediri
1675 555 1694 596 a
1707 537 1896 618 peccatisque

345 643 401 685 nas
427 625 510 704 adigi
532 623 572 685 ad
596 625 690 686 fidem
703 623 883 684 catholicam
895 622 1111 702 profitendam,
1165 634 1238 687 sunt
1257 628 1374 688 motiva
1394 627 1622 704 innocentibus,
1638 629 1745 689 saltem
1765 629 1897 708 sibiper·
1963 639 1964 684 .

344 723 418 778 sunt
438 718 522 778 enim
549 717 662 777 subditi
684 715 835 787 Ecclesiae,
852 716 986 776 maxime
1012 717 1113 794 quoad
1164 719 1309 780 mittant:
1333 721 1410 780 Item
1425 739 1495 800 quae
1509 726 1582 781 sunt
1598 721 1750 799 injuriosa
1762 721 1897 800 Religioni,

344 827 390 882 ea,
407 827 474 889 qua
488 809 619 870 salutem
639 814 787 889 spectant.
815 807 878 869 Nec
901 808 1005 882 obstat,
1030 809 1113 888 quod
1163 811 1236 890 qcria
1258 811 1393 873 defensio
1413 813 1638 889 innocentium,
1660 819 1693 874 et
1707 812 1777 873 fidei
1802 813 1899 874 catillis

342 900 421 962 forte
442 919 605 980 nunquam
628 901 829 974 crediderint,
853 919 920 959 nom
935 901 1036 980 reipsa
1059 919 1113 981 per
1162 902 1254 972 licita,
1271 905 1491 966 utireetecum
1512 904 1580 964 aliis
1595 905 1830 985 Heriuexsnpro.
1963 899 1964 902 '

343 993 538 1073 Baptismum
556 993 686 1072 ingressi
712 999 784 1053 suut
803 992 979 1067 Ecclesiam,
995 998 1026 1053 et
1038 994 1111 1053 sub·
1201 995 1230 1074 §.
1248 997 1296 1056 16.
1312 997 1471 1077 Principes
1484 996 1622 1058 infideles
1631 1015 1697 1058 non
1709 997 1899 1076 baptizatinm
1915 999 1935 1056 a

339 1084 481 1164 jecerunt
490 1104 521 1146 se
535 1086 601 1164 ejus
614 1086 766 1166 potestati,
783 1103 819 1145 ac
831 1083 961 1163 legibus.
975 1086 1113 1148 Econtra
1162 1095 1290 1168 possunt
1302 1090 1417 1169 privari
1430 1089 1645 1168 jurisdictione
1664 1091 1700 1149 in
1713 1090 1833 1168 eos‚qui
1843 1089 1901 1151 iidc-

342 1196 408 1240 non
420 1179 574 1258 baptizati,
591 1197 648 1240 uec
666 1177 795 1256 subjecti
807 1177 1001 1256 Principibus
1013 1179 1111 1239 fideli·
1162 1181 1206 1241 les
1216 1187 1299 1257 sunt,
1316 1187 1370 1242 aut
1384 1201 1415 1243 se
1429 1183 1572 1243 adfidem
1584 1187 1778 1256 convertunt,
1792 1183 1901 1243 Ecclesia

342 1269 412 1343 bus,
426 1288 491 1331 non
506 1276 635 1350 possunt
649 1270 717 1348 cogi
741 1270 780 1330 ad
803 1269 907 1344 fidem,
924 1271 1006 1348 qnod
1028 1271 1112 1331 euim
1161 1279 1266 1334 tamm
1293 1275 1460 1354 prohibet,
1485 1293 1524 1336 ne
1562 1275 1708 1355 Princeps
1742 1275 1903 1336 Christianus

346 1361 480 1425 Christos
493 1365 568 1424 Luc.
586 1365 635 1424 1-1.
657 1361 790 1423 uoluerit
812 1362 956 1421 inuitatos
970 1364 1112 1442 compelli
1161 1365 1317 1428 infidelem
1343 1367 1489 1446 praeliciat
1509 1365 1686 1428 infidelibus
1699 1385 1766 1447 cop.
1791 1366 1857 1431 Cum
1873 1369 1902 1427 111

344 1453 471 1532 intrare,
483 1456 614 1534 explieat
626 1453 659 1516 S.
672 1455 750 1532 Ano.
764 1455 801 1514 de
814 1453 975 1529 haereticis,
991 1455 1113 1534 inques
1161 1458 1260 1534 ar'mr's,
1277 1459 1315 1520 de
1328 1459 1454 1536 Judaeis,
1469 1464 1499 1520 et
1513 1460 1673 1520 Saracenis
1689 1477 1697 1518 :
1724 1477 1809 1538 posse
1821 1465 1902 1520 auten

339 1545 588 1624 jurisdictionem
601 1547 695 1608 habet
708 1547 850 1608 Ecclesia.
1161 1551 1318 1612 infidelem
1333 1551 1449 1632 privari
1457 1552 1596 1613 dominio
1606 1551 1800 1631 proprietatis
1810 1549 1839 1611 111
1848 1551 1903 1614 lilla

278 1652 319 1714 79
382 1639 411 1718 §-
429 1643 458 1701 3.
475 1641 552 1720 Cogi
576 1645 706 1719 possunt
733 1657 796 1700 uon
830 1637 985 1718 baptizati,
1013 1645 1048 1700 nt
1071 1659 1112 1701 ne
1161 1642 1205 1703 les
1232 1644 1329 1705 veluti
1347 1663 1461 1722 servos,
1487 1645 1579 1724 idque
1604 1643 1644 1703 ob
1672 1644 1821 1704 honorem
1839 1643 1902 1718 fidei,
1956 1703 1961 1718 ,

342 1731 514 1812 impediant
526 1733 776 1813 praedicationem
795 1731 877 1807 fidei,
893 1733 932 1792 ad
948 1750 1042 1811 quam
1056 1752 1113 1813 per
1162 1737 1303 1816 rpromvis
1343 1736 1462 1797 abesset
1499 1736 1672 1817 periculum
1712 1734 1902 1815 perversioris,

341 1824 522 1887 universum
557 1825 708 1886 mundum
748 1823 977 1904 praedicandam
1008 1824 1060 1902 jus
1092 1845 1112 1888 a
1162 1829 1274 1890 docent
1298 1830 1330 1890 S.
1350 1829 1406 1890 lb.
1433 1836 1494 1889 ort.
1516 1831 1565 1890 10.
1595 1829 1694 1888 Rana.
1714 1829 1800 1889 Lare.
1818 1829 1904 1904 etalii,

342 1916 461 1978 Clnisto
485 1916 601 1997 accepit
620 1917 756 1978 Ecclesia
775 1916 864 1978 1111111.
884 1924 913 1977 et
934 1916 1029 1978 More.
1048 1918 1109 1979 alt.
1162 1927 1277 2001 negant
1291 1921 1401 1982 Navar.
1419 1923 1529 1982 (lover.
1546 1921 1635 1981 Suar.
1650 1920 1746 1981 etalii
1757 1921 1904 1982 communi·

341 2008 532 2070 Probabilius
542 2027 665 2090 quoque
678 2015 724 2070 est
735 2027 807 2070 eum
821 2009 909 2068 Suar.
932 2009 1022 2069 Hurt.
1038 2009 1109 2072 Arr.
1162 2019 1220 2087 ter,
1236 2013 1346 2074 nullibi
1361 2013 1445 2075 enim
1456 2013 1570 2092 largitur
1578 2013 1846 2094 hanepetestatam
1858 2033 1906 2076 esse

340 2102 420 2181 Lug.
444 2100 473 2164 d.
492 2105 521 2164 9.
542 2121 573 2162 11.
593 2104 641 2162 bl.
669 2102 815 2163 Herincx.
831 2099 861 2162 d.
883 2103 914 2161 a.
931 2104 1005 2182 (1.1.
1021 2121 1109 2182 posse
1162 2105 1303 2167 Ecclesia
1317 2124 1506 2180 concessam3
1520 2110 1646 2185 possent
1657 2111 1766 2166 tamen
1778 2106 1905 2176 fidelessi

339 2212 403 2254 non
414 2194 591 2275 baptizatos,
608 2214 639 2255 v.
654 2213 685 2274 g.
701 2196 719 2256 J
722 2195 828 2255 udaeos
842 2194 1014 2274 aPrineipe
1023 2197 1107 2257 fideli
1163 2217 1272 2260 eorum
1287 2199 1362 2260 fides
1375 2199 1610 2279 periclitaretur,
1623 2203 1678 2259 aut
1691 2198 1718 2258 si
1731 2199 1766 2259 in
1780 2199 1907 2261 exercitiis

339 2286 409 2366 cogi
421 2287 460 2348 ad
474 2287 662 2348 audiendam
671 2286 1110 2365 praedicationemlideichris-
1161 2289 1233 2351 fidei
1247 2296 1426 2371 paterentur
1432 2290 1590 2370 injuriam,
1601 2297 1749 2352 excutere
1761 2291 1907 2353 1111010111-

338 2378 443 2457 tianae,
457 2381 500 2440 sic
509 2380 595 2441 enim
610 2385 766 2459 coguntur
774 2381 884 2440 Romae
898 2399 953 2459 per
963 2381 1067 2442 Consi.
1078 2386 1108 2445 9.
1160 2381 1239 2443 tium
1258 2383 1321 2444 imo
1333 2383 1385 2462 jus
1403 2383 1570 2464 positivum
1592 2401 1686 2463 supra
1705 2383 1808 2464 privat
1822 2385 1909 2445 infida

340 2472 433 2551 Greg.
448 2473 525 2532 Xlll
539 2471 575 2533 S.
587 2471 686 2533 Mater
698 2471 847 2533 Ecclesia.
864 2471 957 2532 Ratio
968 2478 1022 2550 est,
1037 2475 1110 2553 quia
1159 2473 1221 2534 lem
1244 2476 1418 2555 subjeetum
1436 2477 1611 2537 Christiano
1639 2476 1776 2556 Principi
1793 2477 1908 2537 dominio

338 2564 487 2644 Princeps
500 2571 601 2645 polest
613 2565 761 2626 mandare
775 2583 822 2636 ea,
845 2571 1000 2643 quaesunt
1013 2566 1107 2646 licita,
1159 2567 1251 2644 serui,
1266 2568 1325 2629 hoc
1334 2569 1400 2648 ipso
1415 2569 1496 2647 quod
1512 2568 1563 2628 lric
1576 2567 1631 2628 fiat
1644 2557 1908 2648 christianusque

339 2661 369 2715 et
382 2656 524 2718 honesta.
538 2676 573 2718 ae
584 2657 762 2718 conducunt
775 2657 814 2718 ad
826 2657 985 2736 politicam
998 2658 1110 2737 guber·
1159 2659 1264 2720 omnia
1281 2660 1424 2741 pluribus
1441 2661 1600 2722 deducunt
1619 2661 1719 2740 Lugo,
1746 2667 1778 2722 et
1797 2663 1908 2722 llerincx

338 2748 506 2826 nationem,
520 2767 575 2811 seu
585 2750 625 2811 ad
638 2749 844 2824 concordiam,
864 2754 895 2809 ct
906 2768 1015 2829 pacem
1029 2770 1110 2813 com·
1157 2770 1186 2831 q.
1202 2754 1232 2812 6.

337 2857 477 2919 marnam,
493 2843 583 2922 quale
602 2841 677 2921 quid
699 2846 744 2902 est
766 2841 942 2902 communis
961 2843 1107 2922 professio
1395 2833 1420 2894 Ῑ)
1432 2833 1456 2894 U
1467 2834 1491 2893 Β
1501 2834 1516 2892 l
1526 2833 1552 2894 U
1564 2832 1596 2897 Μ
1640 2834 1687 2893 ῙῙ·

338 2934 476 3013 ejusdem
503 2952 585 2995 verae
615 2933 810 3014 religionis,
835 2934 923 2996 Unde
948 2940 978 2994 ct
995 2937 1108 3015 poterit
1434 2962 1475 3022 [1θ
1485 2959 1659 3022 Judajsmg

337 3026 481 3106 Princeps
499 3025 663 3106 prohibere
683 3026 713 3086 ei
727 3044 820 3087 omne
834 3027 1004 3087 exercitum
1022 3027 1106 3090 falsae
1258 3088 1264 3100 ,
1355 3093 1360 3105 ,
1767 3092 1773 3103 ,
1826 3093 1832 3103 ,

233 3191 234 3194 1
337 3118 513 3196 Religionis.
545 3119 594 3180 An
615 3125 721 3179 autem
744 3117 840 3198 possit
863 3119 977 3180 directe
998 3139 1106 3200 cogere
1160 3087 1313 3163 ommim
1329 3089 1376 3150 '²²⁰
1394 3097 1521 3162 ‘amum’
1540 3109 1605 3172 ΨΜ
1622 3101 1845 3154 mmmmm
1859 3111 1912 3154 Μ
1963 3175 1964 3180 ,

337 3210 376 3272 ad
399 3211 503 3286 fidem,
525 3211 655 3273 dubium
680 3216 736 3286 est,
756 3211 832 3285 Neg·
858 3211 888 3270 S·
915 3211 972 3271 Th.
1002 3231 1032 3293 q·
1054 3214 1103 3274 10·
1274 3180 1815 3246 10110111111011111010011111101111.
1962 3245 1964 3300 1

337 3313 397 3363 ara.
415 3304 476 3363 8ct
493 3305 541 3364 12.
559 3305 647 3365 Suar.
664 3301 694 3363 d.
712 3306 739 3363 l.
757 3305 787 3363 8.
811 3301 836 3382 f.
855 3304 885 3363 3.
907 3304 1003 3364 Castr.
1025 3305 1055 3366 d.
1073 3307 1102 3366 E.
1198 3343 1219 3374 „
1236 3299 1331 3379 Resp.
1348 3299 1372 3360 1.
1392 3299 1446 3361 His
1459 3299 1590 3377 casibus,
1611 3301 1667 3380 qui
1686 3301 1911 3372 colligunturex
1928 3315 1951 3376 11

332 3411 368 3475 ρ.
394 3397 423 3456 6.
447 3395 561 3474 aliique
578 3395 787 3471 communius
809 3395 944 3456 maxime
968 3414 1039 3456 eum
1067 3397 1105 3457 sit
1155 3408 1181 3450 θ·
1199 3390 1294 3466 natta,
1308 3411 1333 3454 θ·
1347 3391 1509 3454 Jtldoeielc·
1526 3395 1569 3454 De
1582 3394 1708 3455 Judaeis.
1725 3398 1755 3456 l·
1775 3396 1912 3457 N0sslioel
1963 3465 1964 3468 ,

337 3490 443 3547 contra
478 3506 570 3548 usum
602 3487 754 3564 Ecclesiae,
786 3493 818 3547 et
840 3487 871 3548 id
905 3488 1105 3565 prohibeatur
1155 3483 1341 3545 cohabitare.
1356 3487 1387 3546 E.
1403 3486 1465 3547 Nee
1479 3485 1628 3546 conniviis
1641 3487 1806 3550 interesse.
1823 3491 1850 3550 3.
1864 3489 1911 3550 lter
1963 3553 1964 3576 ,

337 3597 490 3659 expresse,
531 3581 640 3641 saltem
683 3581 721 3640 de
766 3580 784 3640 J
789 3578 893 3640 udaeis.
940 3579 1106 3644 Affirmant
1154 3575 1201 3634 uli
1222 3577 1382 3637 communi
1399 3576 1523 3639 balneo·
1551 3580 1581 3638 4·
1598 3579 1662 3639 Nec
1683 3579 1824 3642 Medicas
1840 3581 1911 3641 adhi-
1963 3589 1964 3646 i

336 3675 441 3733 tamen
454 3691 519 3732 non
534 3671 778 3753 improbabiliter
789 3671 897 3732 saltem
912 3672 950 3732 dc
966 3673 1032 3735 aliis
1038 3674 1106 3735 11111-
1155 3667 1239 3728 bere.
1255 3670 1285 3728 6.
1302 3670 1364 3730 Nec
1377 3671 1545 3732 medicinas
1566 3670 1612 3731 ab
1626 3671 1663 3731 iis
1676 3671 1766 3733 datas
1780 3674 1912 3753 recipere,

336 3764 455 3826 delibus
481 3765 599 3840 Sontas,
639 3771 669 3826 et
701 3764 838 3826 Scotistae
872 3782 943 3824 cum
971 3765 1105 3827 Herincx
1155 3779 1257 3822 emere
1294 3767 1399 3823 tamen
1432 3762 1537 3823 beabit
1567 3763 1778 3844 prescriptas.
1806 3769 1836 3826 6.
1865 3767 1912 3826 Nee
1962 3749 1964 3836 i

335 3858 521 3936 1116111110
539 3857 684 3936 Princeps
705 3861 806 3936 potest
828 3856 950 3935 adigere
967 3858 1105 3919 subditos
1154 3853 1335 3915 ludaeorum
1355 3855 1435 3915 filios
1455 3855 1593 3917 enutrire
1610 3856 1644 3916 in
1666 3855 1814 3936 ipsorum
1831 3857 1913 3920 domi·
1963 3863 1964 3922 f

335 3949 375 4011 ad
388 3967 424 4010 ea
438 3951 599 4025 servanda,
613 3949 801 4028 adquajurc
814 3948 930 4025 divino,
945 3955 1104 4012 etnaturae
1155 3943 1223 4006 bus·
1249 3949 1279 4007 ’1.
1307 3947 1348 4008 Iis
1373 3967 1438 4009 non
1455 3947 1610 4009 famulari.
1636 3949 1666 4009 8.
1691 3949 1757 4010 Nec
1785 3953 1913 4012 servitute
1962 3949 1964 4034 1

335 4047 493 4119 tenentur;
509 4041 562 4103 sed
572 4042 643 4121 jure
662 4041 778 4117 divino,
795 4045 826 4102 et
848 4045 968 4102 naturae
982 4047 1105 4105 tenetur
1154 4038 1272 4116 subjici.
1290 4041 1318 4100 a.
1346 4040 1552 4102 Prohibentnr
1572 4040 1702 4121 publicis
1715 4041 1833 4105 officiis
1851 4044 1915 4104 inter
1963 4035 1964 4106 ξ

336 4140 493 4215 acceptare
505 4151 612 4195 veram
624 4133 737 4209 fidem3
752 4151 835 4214 crgo.
1156 4131 1344 4192 Christianos
1369 4132 1470 4212 fungi.
1498 4135 1547 4194 16.
1578 4133 1715 4194 Vetitum
1746 4143 1799 4196 est
1823 4152 1914 4198 eorum
1962 4181 1964 4234 1

274 4245 314 4306 80
378 4226 407 4305 ξ.
423 4229 452 4296 d,
468 4227 580 4303 Potest,
601 4225 663 4286 imo
682 4231 808 4287 tenetur
828 4225 973 4307 Princeps
997 4245 1106 4290 omnes
1154 4223 1271 4303 azymis
1283 4224 1374 4285 vesei.
1391 4224 1512 4291 Quibus
1530 4225 1616 4286 addit
1628 4226 1715 4287 Acar.
1733 4228 1915 4306 prohibitum
1962 4269 1964 4292 ,

338 4318 477 4381 subditos
499 4319 594 4381 etiam
627 4336 693 4379 non
719 4317 887 4398 baptizatos
920 4337 1040 4399 eogere,
1070 4326 1107 4381 ut
1155 4335 1231 4391 esse,
1260 4317 1403 4379 accedere
1436 4318 1476 4379 ad
1513 4336 1623 4379 eorum
1653 4319 1795 4397 nuptias,
1829 4321 1914 4392 festa,

336 4411 514 4491 relinquant
529 4428 659 4486 errores,
686 4415 717 4471 et
728 4411 813 4487 vitia,
829 4430 898 4491 quae
912 4417 985 4472 sunt
999 4417 1106 4473 contra
1154 4427 1339 4490 synagogae,
1360 4427 1432 4472 oum
1442 4409 1628 4488 eiseludere,
1638 4411 1823 4474 saltareetc.
1839 4413 1917 4474 mro

336 4511 491 4579 naturam,
507 4509 543 4564 nt
552 4508 623 4564 sunt
632 4501 1025 4584 idololania,blasphemia,
1045 4511 1103 4566 ete.
1153 4500 1269 4562 horum
1282 4509 1337 4580 est,
1348 4509 1416 4566 tum
1426 4507 1461 4564 ut
1470 4509 1669 4564 conservetur
1683 4502 1826 4582 dignitas
1840 4507 1917 4567 chn's

335 4598 422 4678 prius
439 4597 492 4658 illa
518 4595 711 4676 prohibendo
743 4613 799 4676 per
832 4595 927 4676 leges,
950 4602 981 4657 et
998 4603 1105 4677 postea
1154 4595 1247 4656 tianae
1260 4595 1429 4674 religionis,
1445 4602 1514 4657 tum
1526 4601 1717 4658 utcaveatur
1730 4597 1917 4660 familiaritas

335 4690 493 4770 puniendo
517 4697 760 4768 trangressores:
775 4688 919 4758 reticeat,
934 4688 1105 4768 qniatene-
1154 4705 1225 4748 cum
1265 4686 1394 4762 Judaeis,
1435 4694 1466 4750 et
1498 4688 1673 4768 periculum
1707 4691 1914 4769 perversioris.

334 4785 387 4844 tur
400 4782 539 4844 subditos
556 4781 688 4860 dirigere
707 4781 747 4841 ad
764 4781 861 4842 finem
873 4781 1105 4860 gubernationis
1154 4781 1191 4840 V.
1207 4781 1319 4860 Laym.
1336 4778 1355 4840 1.
1373 4781 1403 4840 E.
1419 4788 1441 4840 t.
1458 4782 1487 4840 1.
1503 4799 1528 4841 c.
1549 4783 1598 4842 1“1.
1616 4781 1735 4843 Sancb.
1750 4780 1776 4842 1.
1792 4785 1824 4844 Ξ.
1840 4784 1915 4844 cat.
1962 4799 1964 4848 1

335 4875 495 4949 naturalis,
513 4873 567 4953 qui
594 4878 640 4934 est
665 4872 770 4933 uivere
793 4874 965 4934 secundum
985 4881 1103 4936 rectam
1156 4872 1219 4934 Fill.
1238 4891 1263 4933 c.
1281 4873 1330 4933 2⁸2.
1347 4891 1377 4932 n.
1395 4873 1463 4934 aaa.
1962 4865 1964 4956 1

334 4968 498 5044 rationem,
514 4971 731 5043 contraquam
750 4965 1055 5042 sunitaleserrores,
1073 4973 1104 5028 et
1195 5011 1216 5043 „
1233 4964 1323 5044 Resp.
1344 4965 1384 5024 Il.
1401 4966 1439 5024 In
1452 4964 1559 5026 decem
1585 4964 1675 5027 dietis
1695 4965 1822 5029 casibus
1847 4983 1918 5028 com
1962 5021 1964 5042 ,

334 5060 420 5138 uitia,
461 5077 531 5139 quae
558 5062 708 5138 praeterea
736 5057 871 5118 maxime
898 5058 1103 5122 dehonestant
1153 5057 1313 5118 municare
1327 5073 1398 5118 eum
1411 5056 1540 5136 Judaeis,
1556 5073 1719 5138 exgenere
1734 5077 1793 5121 suo
1808 5060 1916 5121 videtur
1962 5073 1964 5156 1

335 5147 449 5232 Remp.
464 5151 511 5212 uti
533 5149 673 5231 pluribus
691 5150 777 5229 Lugo
791 5170 821 5212 a.
839 5152 908 5211 116.
929 5157 960 5212 et
974 5153 1103 5214 Perinex
1152 5167 1216 5211 esse
1231 5149 1372 5211 mortale.
1387 5150 1491 5224 Ratio,
1503 5149 1577 5229 quia
1591 5151 1617 5210 si
1632 5149 1772 5214 Clericus
1784 5153 1819 5214 id
1828 5151 1915 5227 aare
1962 5157 1964 5190 ⁴

334 5264 364 5326 q,
380 5247 410 5306 6.
427 5244 460 5306 Si
473 5249 579 5304 amen
592 5242 637 5304 illi
651 5241 792 5304 infideles
812 5261 874 5304 non
898 5244 961 5304 sint
975 5245 1099 5322 subditi,
1151 5241 1280 5303 incurrit
1293 5241 1467 5322 periculum
1480 5242 1682 5322 depositionis
1701 5265 1708 5305 :
1723 5245 1838 5306 Laieus
1853 5262 1915 5306 aaa

334 5336 509 5398 eommunis
523 5340 568 5396 est
584 5335 735 5396 sententia
749 5353 814 5396 non
832 5333 920 5415 posse
933 5337 1012 5416 cogi,
1029 5339 1102 5418 quia
1151 5334 1478 5398 excommunicationis
1506 5333 1540 5415 1ο.
1568 5335 1741 5411 Constituit,
1765 5341 1817 5400 17.
1837 5336 1914 5421 ρ.1.1

333 5425 367 5490 in
381 5429 449 5490 illos
466 5428 586 5490 nullam
603 5427 720 5490 habent
739 5427 985 5508 jurisdictionem
999 5449 1100 5510 neque
1150 5445 1220 5507 quea
1242 5425 1368 5488 nonnisi
1396 5425 1436 5488 ob
1461 5431 1625 5507 peecatum
1653 5429 1785 5492 mortale
1808 5427 1914 5510 imponi

334 5520 467 5582 Ecclesia
477 5539 578 5600 nequa
601 5520 758 5600 Principes
777 5521 934 5598 catholiei3
954 5511 1101 5602 poterunt
1150 5520 1237 5582 solet.
1254 5519 1322 5580 Dixi
1335 5519 1505 5600 Experiere
1518 5539 1581 5597 sno,
1599 5521 1675 5600 qtria
1688 5522 1850 5602 probabile
1865 5527 1913 5595 cst,
