3964 6348
381 351 440 408 306
1038 352 1151 414 LIBER
1173 352 1316 418 Pntntt's

381 515 586 576 abstrahendo
601 515 640 576 ab
654 535 763 578 eornm
777 518 905 597 scriptis,
927 523 1031 598 postea
1044 523 1150 580 antem
1200 536 1281 597 quse,
1293 523 1324 580 et
1338 516 1494 595 praesentis
1509 514 1648 580 Ecclesiae
1670 513 1704 574 in
1727 513 1924 594 proscribens

381 605 568 668 examinavit
580 605 701 685 scripta,
722 613 752 667 et
760 607 826 667 hoeo
838 607 997 670 damnavit
1011 609 1043 668 in
1054 609 1146 668 Cone.
1200 616 1232 672 et
1254 610 1405 688 exigenda
1418 609 1491 670 fidei
1515 606 1648 675 iornnsla
1668 607 1803 668 adsersus
1823 607 1927 672 horon

383 698 576 760 Constantio.
591 699 695 759 Videri
710 705 810 778 potest
817 698 975 760 Iintcuclio
985 699 1151 764 Pomonalis
1201 709 1333 764 exortas.

381 793 404 850 F
408 791 524 869 piscopi
538 791 764 860 Cameracensis
778 792 859 854 odito
875 795 912 854 10
932 794 1018 862 Febr.
1038 797 1146 856 iiiiii.
1240 805 1252 832 ‘¹
1277 795 1370 871 Ouum
1398 794 1588 876 confirmavit
1616 791 1801 859 instruction
1818 790 1928 856 alterni.

422 893 435 920 ‘¹
468 881 530 946 Vide
544 882 765 968 Instructionem
785 884 970 946 Pcslocolem
989 885 1152 948 doctissimi
1200 885 1311 952 Manlii
1324 891 1412 956 1705.

385 975 598 1038 Cameracensis
625 977 776 1058 Episcopi
806 977 915 1039 cclitom
950 981 999 1044 tt.
1039 979 1150 1042 Martii
1240 982 1301 1060 §n
1316 984 1402 1062 Papa
1423 1000 1488 1048 non
1502 979 1727 1046 ostinfallihilis
1745 977 1931 1056 usquamu-

383 1070 470 1144 1705,
485 1069 515 1128 in
535 1089 594 1150 quo
607 1069 752 1151 quidquid
774 1071 1023 1152 infallibilitatem
1047 1071 1151 1134 Ecclc-
1201 1074 1258 1138 lius
1270 1074 1506 1154 particularibus
1519 1073 1591 1136 facti
1603 1069 1932 1138 nonhabautihusultan

381 1160 433 1221 sioe
447 1166 478 1221 in
491 1159 691 1242 dzj'nclicnnilis
717 1161 844 1223 tentibus
865 1173 982 1246 spectat,
1000 1164 1149 1226 collectum
1200 1168 1428 1232 connexionem
1450 1185 1522 1228 oum
1542 1163 1767 1246 questionibus
1787 1162 1855 1242 jun‘s
1875 1164 1934 1224 susa

381 1252 475 1327 iubes,
491 1252 756 1335 ocdilipenlisslme
767 1261 977 1324 acuminatum.
1200 1260 1295 1324 tidem
1309 1267 1497 1324 unimores:
1528 1261 1566 1320 Et
1578 1258 1629 1321 hio
1641 1263 1688 1319 est
1702 1275 1808 1321 seusus
1818 1271 1932 1335 quorun·

421 1344 533 1407 ‘'Ilcm
563 1346 779 1409 Cameracensis
814 1349 980 1431 Episcopus
1006 1350 1149 1412 eruditam
1201 1353 1274 1414 dam
1300 1355 1483 1428 tinctorum,
1522 1369 1600 1432 quos
1627 1350 1710 1413 male
1738 1350 1832 1414 eitout
1849 1366 1895 1428 pro
1912 1365 1933 1407 sc

380 1437 607 1500 [astructionem
633 1439 723 1502 edidit
744 1444 773 1504 l.
799 1441 880 1504 lolii
902 1445 992 1512 lios,
1015 1443 1151 1506 adversus
1199 1447 1377 1524 adversarii,
1392 1446 1438 1506 nti
1453 1444 1587 1509 ostendit
1601 1445 1669 1508 Ars.
1685 1441 1721 1504 do
1740 1439 1932 1520 Pontificui·

382 1530 512 1594 libellum
524 1532 699 1614 inscriptum
713 1553 725 1596 .·
743 1534 948 1598 Jiistitication
971 1537 1015 1598 dn
1038 1538 1149 1599 silence
1200 1538 1289 1600 Retio
1316 1547 1367 1608 est,
1396 1539 1469 1617 qnia
1493 1535 1694 1602 infallibilitns
1721 1535 1792 1596 talis
1810 1531 1934 1595 nullibiei

381 1630 601 1704 respectueux3
631 1645 719 1706 quom
746 1626 844 1688 ui'dcne
868 1629 988 1710 poteris.
1016 1629 1077 1692 Sed
1097 1633 1147 1693 20.
1199 1631 1349 1710 promisso
1371 1637 1427 1704 est,
1442 1629 1515 1690 talia
1527 1629 1611 1696 onim
1631 1627 1762 1694 definire
1779 1645 1838 1686 non
1849 1630 1935 1704 spectat

380 1716 500 1798 Aprilis
511 1737 587 1780 ontio
602 1720 688 1795 1705,
704 1717 796 1780 olium
811 1721 1034 1784 instructionem
1047 1723 1147 1784 emise-
1199 1724 1237 1784 ad
1260 1723 1396 1786 officium
1421 1721 1603 1790 universalis
1630 1719 1768 1783 Paston's
1785 1718 1933 1782 asinarum.

381 1817 429 1870 rol
452 1809 509 1872 lzuc
534 1819 706 1892 spectantem
734 1810 768 1873 dc
787 1813 997 1895 subscriptione
1010 1814 1148 1895 formulis
1199 1821 1253 1880 aut
1265 1816 1371 1896 capitis
1384 1815 1537 1890 Ecclesiae,
1554 1813 1603 1876 oui
1617 1813 1810 1893 appromissa
1823 1809 1934 1873 estann-

380 1900 597 1965 atttecanlro
615 1902 676 1968 Vll
694 1910 890 1986 praescripto.
921 1905 1043 1970 Consule
1061 1909 1148 1970 eliani
1197 1910 1294 1972 tentia
1321 1909 1426 1970 Senoti
1449 1907 1582 1990 Spiritus
1600 1906 1637 1968 at
1662 1901 1935 1984 dirigendosovcsiu

377 1995 655 2075 pcccstontissimnm
677 1997 810 2060 libellum
827 1999 864 2062 P.
881 2000 987 2064 Litn'ni
999 1999 1035 2061 dc
1048 2001 1150 2082 Mopsi·
1199 2002 1291 2064 robus
1307 2001 1423 2077 solutis,
1438 2019 1492 2062 seu
1505 1999 1777 2072 [mensunusum.
1793 1994 1935 2061 nuntiate

380 2086 410 2146 in
425 2087 493 2150 lis‘st.
510 2087 649 2150 Camino.
662 2089 699 2150 de
713 2091 832 2152 auxiliis
845 2092 1008 2170 vindicato,
1025 2113 1059 2174 p.
1076 2097 1146 2155 605.
1200 2097 1324 2162 lteorete
1339 2093 1569 2160 Pontificumin
1584 2090 1711 2170 negotio
1725 2089 1903 2158 sinuatam.
1969 2171 1970 2174 Ἴ

386 2179 497 2242 Venetis
511 2179 648 2249 cdiliom's
667 2193 867 2264 prunolatum
881 2205 892 2252 .·
908 2186 1057 2250 Passioni
1068 2188 1147 2248 anti-
