3964 6348
695 375 743 518 ips
764 413 1023 476 conseranda.
1597 419 1655 478 ros

70 572 233 650 obiectum,
250 581 449 636 aetrrsautem
464 577 496 636 id
509 578 685 656 enuntians,
699 579 836 640 absolute
887 599 982 660 quam
1011 584 1169 643 adamatis
1195 584 1288 643 nnius
1316 585 1433 662 partis:
1469 585 1538 663 plus
1561 583 1656 644 libere

72 665 98 724 id
109 667 262 740 enuntiat,
280 669 332 729 sed
345 687 385 730 ex
399 671 516 730 motivo
532 675 654 731 tuntum
670 673 834 752 probabili;
886 675 1067 750 dicentibus,
1098 677 1181 754 (prod
1207 677 1355 751 sentiunt,
1393 695 1489 758 qnam
1516 676 1657 755 obligatis

72 775 139 836 ergo
153 758 295 820 absolute
313 761 396 832 dicit,
418 761 461 821 sic
474 762 606 834 ridetur,
629 765 660 824 id
674 765 758 824 enim
771 783 836 825 non
886 764 923 822 ad
938 765 1131 842 sequendum
1146 783 1246 826 unum
1261 765 1437 840 Auctorem,
1466 765 1516 825 rel
1538 771 1655 826 certam

73 855 165 928 [otest
187 851 328 912 absolute
355 853 425 926 dici,
451 853 500 914 rel
528 861 621 928 certo,
649 857 698 916 rel
713 861 835 916 tantum
885 855 979 914 riam.
992 858 1097 917 Videri
1111 863 1211 936 potest
1227 856 1427 935 Laurenju'e
1440 857 1471 918 d.
1487 861 1517 917 t.
1533 877 1591 918 aa.
1603 859 1653 917 6⁹2.

75 943 278 1022 probabiliter,
295 946 339 1004 uti
355 963 436 1026 saepe
446 947 562 1006 dictum
577 953 633 1008 est.
927 948 961 1022 Q.
978 951 1028 1010 ⁹23.
1045 951 1091 1009 ,1η
1100 950 1201 1030 opinio
1214 949 1315 1030 aliquo
1328 951 1436 1010 rerrserr'
1447 949 1547 1010 debeat
1552 950 1656 1031 proea-
1682 939 1740 998 1311

25 1029 59 1090 111
111 1035 145 1110 O.
174 1038 225 1096 2⁹2.
256 1037 399 1111 Oceanum
424 1039 522 1120 opr'm‘o
548 1039 667 1102 dr'ccrtrn·
698 1039 836 1121 probabi·
884 1034 985 1111 bilior,
1017 1041 1061 1102 ecl
1083 1042 1173 1100 clr'aor
1202 1041 1368 1122 probabilis
1397 1041 1448 1104 doc
1483 1044 1553 1124 epse,
1578 1041 1658 1124 qnod

77 1128 137 1190 lior.
154 1130 188 1190 11.
753 1175 775 1217 ,
883 1129 1022 1193 doceatur
1047 1152 1065 1192 o
1089 1132 1237 1214 pleribus,
1266 1134 1314 1194 ecl
1332 1153 1350 1196 o
1370 1135 1499 1197 irruitis?
1525 1137 1559 1196 ll.
1577 1137 1655 1196 Cum

110 1221 136 1299 ξ.
151 1225 175 1282 l.
192 1223 383 1284 Probabilior
397 1224 561 1286 intrinsece
576 1231 633 1300 est,
648 1244 718 1305 quac
732 1245 788 1305 pro
802 1245 834 1288 se
885 1224 1014 1286 Garden.
1029 1226 1070 1286 ia.
1084 1225 1157 1286 crisi
1170 1224 1199 1286 d.
1219 1229 1266 1287 11.
1279 1247 1297 1286 a
1312 1246 1342 1287 o.
1361 1229 1430 1288 197.
1446 1246 1511 1288 non
1521 1246 1653 1308 semper,
1755 1297 1760 1302 ,

77 1313 832 1397 babetmelioresrationes;probabiliorextrinsece,
884 1317 930 1376 uti
956 1319 1128 1378 ostenditur
1164 1317 1197 1377 in
1227 1319 1376 1398 exemplis
1403 1321 1485 1399 apud
1522 1321 1653 1380 Carden.

78 1409 341 1486 qaaeproselrabet
350 1408 501 1487 majorem
509 1411 833 1490 auctoritatem:quod
883 1410 972 1470 Nam.

77 1500 172 1560 sium
194 1499 307 1560 habeat
336 1501 471 1562 rationes
493 1503 647 1579 meliores,
679 1509 709 1564 et
738 1503 834 1565 altem
925 1503 1062 1582 (lur'nqee
1086 1503 1234 1563 ductores
1261 1503 1383 1578 docent,
1400 1504 1484 1582 qrrod
1508 1504 1652 1564 contritio

76 1593 213 1668 majorem
242 1593 468 1668 auctoritatem,
498 1595 551 1656 illa
579 1595 758 1674 simpliciter
789 1602 834 1658 est
882 1591 1017 1670 perfecta
1025 1609 1089 1652 non
1104 1610 1225 1670 semper
1239 1593 1277 1652 sit
1287 1592 1451 1670 corrjrmeta
1466 1611 1538 1652 cum
1550 1594 1656 1654 remis-

77 1684 263 1762 probabilior,
294 1703 364 1764 qma
392 1686 486 1746 habet
513 1688 648 1748 rationes
677 1689 830 1762 meliores,
883 1683 968 1744 siene
987 1690 1202 1763 peccatorum:
1223 1685 1306 1763 qnod
1321 1685 1416 1763 possit
1430 1685 1560 1745 revelari
1575 1687 1655 1746 Con-

77 1777 141 1853 quia
154 1777 317 1837 auctoritas
330 1777 479 1839 frmdatur
499 1779 532 1838 in
560 1779 742 1846 rationibus,
776 1800 833 1842 nec
882 1775 1015 1838 fessioad
1029 1776 1373 1856 probandumralorem
1389 1778 1589 1848 Matrimonii,
1602 1785 1656 1837 aut

79 1871 213 1930 luderes
227 1870 295 1949 plus
308 1871 423 1943 valent,
440 1889 534 1950 quam
548 1872 672 1932 valeant
685 1873 831 1951 rationes,
882 1869 922 1928 ad
940 1869 1184 1947 impediendum,
1210 1887 1249 1929 ne
1270 1869 1403 1929 invalide
1428 1870 1629 1928 contrahatur
1646 1888 1653 1927 :

77 1979 143 2039 qrres
163 1962 305 2038 afferunt,
334 1963 385 2024 rel
405 1982 482 2042 quas
495 1969 727 2043 praesumuntur
753 1966 832 2026 hubo
882 1961 966 2038 quod
980 1962 1092 2020 Doctor
1109 1961 1143 2020 in
1156 1960 1325 2068 Tlpologia
1342 1961 1386 2020 rel
1408 1962 1483 2020 lure
1500 1961 1654 2020 Carionieo

76 2071 113 2128 rc,
142 2056 184 2114 nti
209 2055 325 2116 dietum
341 2061 387 2115 est
402 2075 490 2117 num.
508 2059 588 2117 ll3..
882 2053 1053 2130 possitsinc
1068 2053 1211 2132 Episcopi
1221 2052 1444 2131 approbatione
1460 2053 1653 2113 audireGon-

109 2147 136 2224 ξ.
150 2149 178 2206 d.
193 2147 224 2206 Si
237 2147 403 2226 opiniones
424 2147 486 2208 sint
501 2149 582 2210 oirm
605 2149 749 2226 revelata,
780 2151 832 2210 illa
883 2143 1052 2206 fossiones:
1082 2145 1163 2242 quopl
1191 2145 1338 2205 Sacerdos
1360 2146 1452 2224 possit
1477 2163 1654 2205 (consecrare

77 2245 115 2298 est
127 2239 318 2317 probabilior,
344 2258 401 2320 pro
417 2259 477 2319 qua
497 2241 620 2301 ridetur
633 2241 736 2321 potius
752 2249 832 2304 stare
882 2241 968 2296 extra
982 2237 1104 2298 Missam
1116 2256 1172 2317 pro
1189 2238 1297 2298 viatico
1308 2237 1441 2298 infirmi:
1459 2238 1542 2316 qnod
1553 2238 1655 2298 Matri-

78 2333 208 2392 rerelatio
219 2353 226 2408 ;
239 2333 264 2392 si
278 2333 359 2392 circa
381 2351 430 2392 res
445 2339 615 2412 spectantes
624 2335 664 2394 ad
673 2334 725 2413 jus
748 2337 829 2414 posi-
884 2329 1023 2389 monium
1046 2329 1144 2390 fidelis
1158 2348 1230 2390 cum
1253 2330 1398 2390 lrcerctico
1413 2330 1452 2388 sit
1467 2329 1651 2390 invalidum.

78 2423 175 2500 lirum,
190 2424 240 2484 illa
255 2435 301 2484 cst
319 2424 519 2502 probabilior,
549 2426 598 2484 eui
613 2426 711 2504 magis
725 2426 829 2487 forent
921 2421 983 2481 See
997 2421 1118 2496 docent,
1135 2422 1228 2482 verba
1242 2441 1306 2482 nen
1320 2441 1384 2482 esse
1400 2423 1437 2482 de
1453 2422 1582 2482 essentia
1597 2422 1652 2480 ab·
1680 2433 1737 2491 137

78 2513 149 2593 leges
161 2517 209 2576 rol
219 2517 423 2588 consuetudo,
453 2536 522 2596 quae
536 2523 582 2578 est
595 2519 712 2597 optima
725 2519 830 2594 legum
880 2512 1052 2600 solutionis,
1068 2515 1121 2574 scd
1133 2514 1193 2574 alio
1211 2514 1299 2591 signo
1314 2514 1419 2592 perlici
1433 2532 1540 2596 posse:
1568 2531 1652 2588 eum,

14 2647 17 2654 .
78 2605 232 2687 iuterpres3
259 2610 286 2669 si
299 2609 380 2670 uiua
393 2615 532 2670 mentem
541 2611 762 2688 legislatorum,
781 2613 830 2673 vel
882 2605 936 2683 qui
951 2623 981 2665 se
996 2605 1107 2683 polluit
1126 2605 1256 2666 tactibus
1282 2605 1440 2682 Religiosi,
1466 2623 1530 2666 non
1553 2605 1653 2665 terreri

79 2699 421 2780 intelligentiamlegum,
437 2702 531 2762 etiam
545 2703 746 2776 naturalium,
762 2704 832 2782 plus
882 2696 915 2756 in
930 2697 1128 2757 (toules-ione
1136 2699 1286 2776 explicare
1295 2698 1558 2758 circumstantiam
1565 2698 1655 2758 sacri-

79 2792 294 2854 retribuendum
309 2794 511 2872 estantiquis,
534 2813 628 2872 quam
645 2796 829 2872 recentibus,
882 2789 970 2867 legii:
985 2808 1049 2850 non
1062 2807 1128 2850 esse
1140 2789 1282 2865 mortale,
1302 2790 1326 2849 si
1343 2789 1552 2876 Confessarius
1566 2807 1653 2850 reve-

19 2886 25 2964 ?
80 2881 141 2956 qrria
161 2882 203 2941 ilii
221 2882 348 2943 fuerunt
383 2883 481 2960 magis
514 2883 607 2944 vicini
645 2886 829 2946 Auctoribus
881 2880 924 2940 let
937 2881 1055 2942 reniale
1068 2902 1075 2956 ;
1089 2901 1145 2943 nee
1154 2882 1180 2942 si
1193 2881 1307 2942 revelet
1321 2888 1479 2961 peecatum
1494 2881 1654 2960 publicum

16 3007 17 3010 =
80 2969 179 3050 legum,
195 2980 224 3036 et
234 2975 273 3036 ab
286 2975 375 3035 initio
388 2975 572 3054 interpretes
581 2995 709 3052 earnm;
725 2978 751 3037 si
770 2978 831 3039 siut
882 2974 1077 3052 poenitentis:
1094 2993 1158 3034 non
1179 2992 1266 3054 posse
1278 2991 1387 3036 omnes
1402 2976 1581 3036 Sacerdotes
1599 2974 1653 3034 ab·

81 3063 150 3126 eirea
158 3067 297 3128 materias
310 3067 394 3142 fidei,
416 3072 446 3128 et
462 3085 599 3144 morum,
625 3070 694 3148 plus
708 3075 753 3130 est
774 3070 830 3130 tri·
882 3067 999 3126 solvere
1013 3066 1046 3126 iu
1062 3066 1188 3126 articulo
1201 3067 1321 3127 mortis.
1569 3099 1584 3132 ι

81 3155 221 3220 brendam
236 3159 458 3234 sanctioribus,
472 3160 725 3240 ‹pramaliisquia
743 3161 788 3221 illi
802 3167 832 3222 et
921 3157 1037 3238 Septem
1072 3161 1198 3230 docent,
1239 3177 1303 3219 non
1331 3159 1437 3220 omnia
1462 3159 1654 3220 Sacramenti
1681 3175 1737 3235 138

81 3250 196 3330 amplius
208 3251 423 3312 illuminantur
437 3253 541 3328 alteo,
559 3257 589 3313 et
605 3253 716 3314 melius
730 3254 830 3315 sciunt
882 3249 974 3311 fuisse
988 3271 1006 3311 a
1020 3251 1140 3311 Christo
1151 3251 1306 3312 instituta:
1324 3252 1510 3332 Episcopum
1528 3252 1654 3314 baereti-

81 3344 391 3420 nysticadisccrnere;
407 3345 486 3405 cirea
495 3346 639 3405 materias
646 3346 832 3424 attingentes
882 3361 963 3414 carm,
979 3344 1028 3404 rel
1041 3344 1255 3421 degradatum,
1275 3345 1355 3404 vela
1370 3346 1455 3424 Papa
1470 3346 1653 3424 impeditum

20 3454 25 3488 ι
81 3436 290 3513 nescientiam,
320 3436 391 3516 plus
426 3437 627 3498 tribuendum
655 3438 828 3515 Theologis,
882 3435 1015 3497 invalide
1027 3437 1189 3498 ordinare:
1217 3455 1282 3496 non
1300 3436 1390 3498 licere
1405 3437 1652 3514 communicare,

81 3543 161 3603 eptam
182 3529 318 3602 luristis3
334 3530 415 3589 circa
428 3530 573 3590 materias
591 3530 749 3608 juridicos,
762 3531 831 3609 plus
882 3528 942 3588 nisi
956 3529 1025 3589 cibo
1036 3528 1166 3606 digesto,
1187 3534 1218 3588 et
1229 3535 1319 3608 capto
1335 3547 1472 3590 sommo:
1493 3531 1652 3591 Matrimo-

18 3650 26 3674 μ
80 3617 297 3700 luristis,qnsm
311 3621 485 3698 Theologis,
502 3626 559 3681 etc.
576 3621 651 3700 quia
671 3622 781 3699 cuique
798 3623 831 3682 ia
883 3621 971 3680 uiam
999 3626 1248 3680 consummatum
1278 3639 1366 3700 posse
1390 3621 1515 3681 dissolri
1543 3621 1653 3682 saltem

80 3727 127 3772 sua
150 3719 222 3790 arte,
245 3718 275 3774 ct
287 3712 474 3792 professione
488 3719 534 3774 est
548 3713 646 3791 magis
659 3713 828 3776 fidendum.
882 3713 1062 3773 auctoritate
1070 3714 1163 3790 Papa
1169 3731 1223 3792 per
1233 3712 1454 3792 professionem
1465 3713 1651 3792 religiosam:

20 3724 64 3895 111
112 3802 137 3880 ἕ.
162 3807 189 3865 3.
216 3805 312 3884 Major
337 3823 487 3866 numerus
509 3807 690 3881 ductorum,
715 3823 771 3885 per
800 3825 831 3868 se
882 3805 1080 3866 Matrimonia
1095 3804 1283 3864 clandestino
1298 3805 1399 3864 stolido
1413 3823 1477 3866 non
1487 3805 1652 3883 legitimari

18 3914 24 3974 r
80 3891 227 3974 loquendo,
250 3898 321 3958 fecit
345 3897 496 3976 majorem
509 3898 734 3972 alletoritatem,
759 3899 831 3977 quia
882 3897 1002 3976 prolem
1016 3901 1106 3956 antea
1127 3901 1311 3974 susceptam,
1336 3895 1382 3956 nti
1404 3896 1497 3957 refert
1516 3897 1652 3958 Sanclrez

79 3987 170 4064 plures
195 3991 275 4052 oculi
303 3991 372 4070 plus
394 3991 511 4065 vident,
539 4009 634 4068 quam
654 3991 829 4069 pauciores:
881 3987 917 4049 dc
930 3988 1025 4049 fliete.
1037 3987 1057 4046 I.
1075 3991 1103 4048 3.
1120 3985 1149 4046 d.
1168 3989 1217 4046 ll.
1230 4007 1311 4047 oerrr.
1327 3989 1357 4048 ⁸2.

14 4044 27 4159 1
78 4077 201 4160 intellige
232 4090 349 4156 tamen,
386 4083 496 4142 ceteris
521 4082 658 4161 paribus
695 4099 768 4142 nam
798 4085 829 4144 S.
925 4080 992 4142 Octo
1014 4080 1134 4154 docent,
1156 4097 1221 4138 non
1235 4097 1299 4139 esse
1322 4079 1452 4140 mortale
1475 4080 1654 4142 solemniter
1679 4101 1737 4161 439

77 4173 194 4252 August.
209 4173 348 4235 dedoctr.
368 4172 468 4236 Christ
484 4173 506 4234 l.
525 4176 556 4234 ⁹2.
572 4175 634 4234 r.8.
651 4174 781 4252 loquens
794 4175 831 4236 de
883 4172 1099 4232 administrare
1125 4171 1324 4232 Sacramenta
1350 4171 1383 4232 in
1405 4171 1548 4234 mortali:
1566 4191 1654 4253 posse

5 4256 19 4317 i
75 4268 240 4328 arretoritate
272 4266 440 4327 extrinseca
462 4266 623 4327 manifeste
651 4266 740 4327 docet
760 4285 830 4345 gra·
881 4263 1005 4324 fidelem
1019 4263 1052 4323 in
1067 4263 1190 4324 mortali
1206 4263 1419 4340 constitutum,
1441 4271 1471 4325 ct
1486 4267 1654 4327 contritum

9 4344 14 4367 ²
75 4356 164 4420 riores
188 4361 347 4435 ductores,
371 4364 402 4420 et
415 4359 575 4438 pauciores
589 4377 677 4438 posse
701 4360 831 4438 aquira·
881 4356 1074 4416 accederead
1089 4353 1349 4416 Communionem
1364 4356 1430 4416 sine
1444 4357 1652 4430 Confessione,

73 4444 130 4510 lere
156 4453 296 4532 pluribus
323 4469 389 4512 non
421 4452 464 4510 ita
491 4451 645 4528 gravibus,
680 4452 727 4511 uti
749 4458 831 4513 recte
882 4449 907 4508 si
928 4453 1029 4528 speret
1046 4448 1134 4508 brevi
1148 4447 1330 4508 adfuturum
1348 4449 1587 4524 Confessariunr,
1604 4453 1654 4512 c'ui

74 4545 210 4622 expendit
222 4546 293 4623 Fsp.
322 4543 355 4602 io
378 4563 448 4624 opp.
464 4551 524 4604 ort.
537 4545 604 4604 lae.
632 4545 759 4604 Navarr.
776 4545 829 4620 ait,
882 4541 1023 4601 devotius
1047 4539 1263 4600 confitebitur:
1293 4559 1380 4621 posse
1402 4543 1516 4621 Papam
1530 4543 1653 4623 dispen-

72 4633 149 4707 qnod
168 4633 271 4712 opinio
296 4650 367 4711 qnae
393 4633 520 4694 docetur
543 4651 562 4692 a
586 4651 640 4692 sex
653 4632 830 4693 doctoribus
883 4651 948 4694 sare
962 4633 996 4692 in
1010 4632 1238 4712 impedimentis
1260 4633 1331 4711 jure
1352 4635 1487 4694 naturali
1501 4634 1652 4696 dirimen-

73 4737 135 4782 cam
154 4723 336 4804 exprofesso
367 4724 579 4792 tractantibus,
613 4725 652 4784 sit
679 4726 832 4786 censenda
881 4725 963 4786 tibus
976 4725 1222 4786 Matrimonium.

74 4818 273 4888 communior,
316 4821 347 4877 et
381 4816 588 4896 probabilior,
628 4835 723 4896 quam
761 4836 831 4896 quas
922 4817 1031 4879 rl'ooem
1055 4817 1188 4894 docent,
1211 4817 1359 4880 Praelatos
1381 4819 1538 4897 regulares
1565 4838 1652 4899 posse
1679 4845 1736 4905 μθ

74 4908 186 4969 tenetur
232 4928 251 4969 a
284 4911 323 4970 50
364 4909 442 4985 aliis,
467 4909 521 4988 qui
548 4908 677 4987 alicujus
706 4909 832 4970 alterius
882 4910 949 4970 sine
972 4910 1194 4989 approbatione
1229 4911 1370 4991 Episcopi
1392 4912 1498 4972 aridire
1527 4912 1651 4973 Confes-

76 4999 275 5062 auctoritatem
295 5008 487 5080 sequuntur:
515 5007 545 5061 et
563 5001 623 5061 hoe
641 5001 833 5064 demonstrat
883 5002 983 5062 siones
997 5001 1204 5063 saecrrlarium.

78 5087 194 5152 Carden.
214 5091 242 5152 io
261 5096 286 5154 l.
302 5091 374 5152 cre'sr'
385 5092 415 5154 d.
434 5096 517 5154 ll.c.
535 5095 565 5152 2.
582 5102 640 5152 ert.
659 5095 689 5154 1.
711 5093 777 5154 item
800 5098 832 5154 io
921 5093 1025 5155 flerem
1048 5095 1170 5170 docent,
1192 5101 1298 5156 vetrrm
1327 5114 1392 5156 non
1420 5095 1565 5174 peccandi
1588 5115 1650 5157 non
1678 5124 1731 5184 Μ

80 5177 223 5244 1.ςνῐεὶι1.
240 5186 268 5244 3.
284 5204 314 5244 a.
333 5185 363 5244 9.
389 5185 530 5245 similiter
544 5184 612 5264 plus
631 5185 832 5246 tribuendum
881 5204 969 5266 posse
988 5187 1192 5247 commutari:
1223 5188 1424 5248 [liaconatnm
1442 5205 1507 5246 non
1521 5203 1585 5248 esse
1599 5207 1651 5249 re-

86 5275 123 5328 cu
135 5273 327 5337 scribentibus
342 5276 459 5356 absque
473 5277 626 5356 passione,
651 5281 681 5337 et
695 5277 831 5356 particu—
882 5297 953 5338 rum
969 5280 1203 5340 Sacramentum
1223 5279 1358 5341 Ordinis:
1375 5278 1572 5340 concubitum
1588 5281 1653 5342 Cle-

87 5356 135 5418 lari
153 5365 264 5443 aflectu,
287 5386 382 5446 quam
406 5369 621 5429 antecedenter
648 5369 763 5429 affectis
778 5369 832 5430 rani
882 5370 935 5430 rici
955 5370 987 5430 in
1012 5370 1111 5430 Sacris
1124 5387 1189 5431 csse
1209 5371 1380 5452 simplicem
1401 5370 1646 5448 fornicationem,

92 5455 168 5527 parti,
181 5462 231 5516 aut
238 5477 292 5536 pro
306 5477 370 5520 una
379 5459 607 5533 aemulantibus,
622 5459 752 5540 ideoque
764 5461 833 5540 plns
885 5471 917 5522 ut
932 5462 1025 5522 refert
1039 5462 1150 5522 Sauch.
1169 5463 1191 5523 l.
1208 5467 1238 5523 ’1.
1254 5463 1284 5524 d.
1296 5465 1345 5522 dl.
1358 5483 1387 5522 a.
1404 5465 1452 5523 Ml.

98 5537 252 5608 leontinus
270 5551 489 5627 indifferenter,
518 5557 548 5612 et
576 5553 641 5612 sine
663 5571 716 5632 spe
744 5553 830 5618 lueri.
924 5552 1082 5613 Duodecim
1103 5553 1651 5636 docent,1rorrriolarisigillumper
1677 5578 1735 5638 lla
