3944 6350
316 417 375 477 456
972 417 1082 480 munit
1105 413 1251 478 PRIMUS

315 591 493 662 occurrunt,
524 585 596 647 satis
618 587 731 648 scimus
757 587 939 667 Superiores
963 586 993 646 id
1023 604 1084 646 non
1137 583 1337 665 presumitur
1356 601 1421 643 esse
1438 583 1475 643 ad
1502 583 1606 644 minus
1623 581 1758 660 ejusdem
1770 583 1886 659 generie

316 676 449 754 exigere,
467 679 521 739 sed
535 679 608 739 satis
621 698 695 752 esse,
713 681 796 759 quod
810 679 979 741 habeamus
997 679 1086 739 certi·
1138 678 1198 738 nisi
1215 677 1294 738 ratio
1315 677 1356 740 sit
1376 695 1432 756 pro
1454 675 1580 754 majori,
1603 693 1674 754 quae
1695 691 1757 734 uon
1775 679 1819 734 cst
1841 692 1890 753 pro

314 768 456 829 tudinem
471 770 509 831 dc
519 771 603 849 justa
617 791 708 832 rausa
728 777 892 834 excusante
910 791 917 832 :
936 773 978 832 sic
990 771 1015 831 si
1029 770 1088 830 sim
1138 770 1263 838 minori,
1275 770 1319 831 itn
1332 769 1437 849 plures
1451 787 1523 830 cum
1546 767 1656 830 Sanch.
1680 763 1715 826 de
1733 765 1858 827 Metrim.
1870 764 1889 825 1.

316 866 429 936 cuitus,
444 879 495 924 me
508 865 697 925 comedendo
709 866 807 944 pisces
817 882 981 945 passurum
995 881 1088 942 grave
1139 865 1169 925 8.
1181 862 1211 923 d.
1228 866 1252 923 l.
1272 881 1335 922 an.
1348 865 1396 923 37.
1415 862 1489 922 hinc
1508 861 1564 940 qui
1576 879 1632 940 per
1649 859 1891 938 dispensationem
1963 897 1965 950 ,

316 953 466 1014 damnum
480 955 513 1016 in
526 955 1088 1036 valetudine,p0ssumdievetitosinc
1142 960 1242 1034 potest
1269 955 1431 1015 comedere
1455 953 1687 1026 camenctum
1705 957 1799 1030 potest
1823 969 1890 1010 ora:
1964 955 1965 1030 l

316 1044 542 1124 dispensatione
552 1049 711 1109 comedere
725 1067 850 1124 carnes;
865 1049 941 1109 item
951 1048 1001 1108 die
1012 1046 1088 1107 festo
1139 1048 1215 1109 item
1242 1048 1307 1127 qui,
1337 1047 1476 1127 alioquin
1500 1044 1656 1121 inhabilis,
1678 1043 1769 1105 habet
1786 1043 1895 1122 privile·

316 1137 440 1198 Missam
467 1139 620 1216 omittere,
649 1142 675 1200 si
696 1139 829 1202 habeam
862 1145 946 1201 certo
968 1141 1089 1218 justum
1141 1141 1237 1219 glum,
1266 1145 1301 1200 ut
1323 1139 1422 1200 lacere
1443 1138 1538 1219 possit
1562 1141 1790 1209 testamentum,
1812 1137 1895 1196 etiam
1964 1149 1966 1224 ξ

317 1227 586 1308 impedimentum,
603 1233 649 1292 uti
657 1233 934 1294 habetcommunis
944 1235 1091 1293 sensuset
1140 1237 1241 1312 potest
1255 1232 1369 1292 donare
1383 1231 1491 1292 mortis
1505 1247 1608 1304 rausa,
1635 1233 1690 1290 aut
1707 1228 1803 1288 facere
1823 1227 1894 1287 codi-
1965 1247 1966 1314 j

318 1336 410 1397 usus;
430 1324 572 1401 quamuis
597 1341 718 1404 semper
734 1325 902 1386 consultius
930 1325 968 1384 sit
991 1341 1092 1384 recur-
1142 1325 1339 1399 cillosltem,
1357 1324 1411 1403 qui
1427 1325 1618 1404 dispensatus
1638 1327 1683 1382 est
1702 1320 1894 1382 Subdiacom·
1964 1377 1966 1390 ,

319 1430 388 1473 rere
415 1413 455 1474 ad
476 1416 640 1492 parochos,
668 1417 718 1478 vel
746 1417 967 1496 confessarios,
983 1416 1091 1476 saltem
1141 1423 1220 1494 tum,
1239 1419 1332 1479 etiam
1346 1423 1391 1478 est
1410 1417 1601 1497 dispensatus
1619 1416 1658 1476 ad
1678 1415 1818 1475 Minore.
1844 1413 1894 1474 Fel.
1965 1411 1966 1414 ’

319 1522 376 1583 pro
390 1505 606 1580 declaratione,
623 1510 706 1588 quod
727 1509 790 1586 hic,
813 1515 844 1571 et
866 1528 951 1570 nunc
965 1527 1031 1570 non
1052 1508 1093 1567 sit
1143 1511 1228 1572 Host.
1246 1513 1325 1571 Pass.
1342 1513 1430 1571 Leon
1442 1527 1475 1589 p.
1492 1511 1562 1569 186.
1580 1523 1675 1587 quem
1688 1505 1770 1566 vide.
1966 1577 1967 1582 γ

322 1595 483 1675 0511311110·
1183 1603 1212 1683 ἐ.
1229 1605 1259 1664 5.
1276 1603 1443 1664 Conterens
1459 1601 1659 1674 Beneficium,
1688 1599 1739 1659 uel
1767 1598 1895 1658 Officium
1911 1593 1946 1652 nl
1965 1599 1967 1602 ’

238 1696 298 1757 ¹198
361 1689 389 1766 §.
404 1691 432 1752 1.
451 1691 589 1752 Potestas
603 1693 800 1774 dispensandi
815 1699 860 1755 est
878 1711 927 1756 res
939 1691 1091 1754 favorahi-
1144 1695 1246 1769 alicui,
1262 1714 1356 1776 quem
1367 1695 1423 1756 scit
1436 1713 1501 1755 esse
1508 1691 1688 1764 inhabilem,
1701 1692 1895 1770 praesumitur,

322 1781 371 1856 lis,
396 1781 470 1843 hinc
489 1783 551 1844 late
571 1785 803 1865 interpretanda
825 1791 881 1862 est,
911 1785 1041 1864 ideoque
1059 1784 1092 1844 iu
1144 1787 1170 1847 si
1183 1793 1292 1867 potest,
1309 1789 1484 1868 dispensare
1500 1790 1580 1848 circa
1599 1784 1835 1856 inhabilitatem,
1851 1783 1898 1844 uisi

323 1873 429 1950 dubio,
457 1895 498 1936 au
520 1894 552 1937 se
575 1879 720 1939 extendat
739 1879 779 1939 ad
802 1879 898 1954 hunc,
925 1879 974 1938 rel
1003 1877 1094 1938 illum
1144 1884 1265 1940 coactus
1279 1880 1430 1955 conlerat;
1455 1878 1537 1940 idem
1552 1883 1607 1954 est,
1623 1879 1646 1937 si
1662 1877 1763 1937 sciens
1776 1876 1900 1937 inhabili-
1967 1929 1968 1954 3

324 1983 440 2040 casum,
456 1973 556 2046 potest
567 1969 707 2048 judicari,
722 1971 806 2049 quod
821 1989 852 2031 se
867 1971 1021 2031 extendat.
1034 1969 1094 2030 Nec
1144 1977 1240 2032 tatem
1255 1973 1294 2032 ad
1309 1973 1450 2042 Ordines,
1462 1972 1489 2032 ei
1501 1977 1603 2031 tamen
1619 1969 1758 2030 oonlerat
1773 1969 1899 2044 Ordines,

323 2057 426 2135 obstat,
452 2061 535 2138 quod
556 2062 606 2122 lex
624 2063 663 2122 sit
681 2063 714 2122 in
735 2063 936 2142 possessione,
955 2082 1024 2123 nom
1037 2079 1094 2142 pro
1146 2064 1219 2143 quia
1244 2065 1376 2144 quisque
1403 2069 1544 2124 censetur
1569 2061 1646 2123 velle
1668 2078 1785 2141 ponere
1810 2067 1901 2122 actum

324 2151 383 2211 hoc
393 2170 463 2212 casu
478 2159 598 2214 constat
611 2155 649 2214 de
665 2154 801 2234 benigna
813 2155 971 2216 voluntate
995 2155 1090 2234 Supe·
1145 2156 1303 2232 validum;
1318 2173 1390 2234 ergo
1403 2154 1471 2215 vult
1483 2172 1643 2217 removere
1655 2152 1901 2232 impedimentum
1968 2169 1969 2230 j

325 2243 455 2319 riorum,
472 2245 722 2324 quibcneficium
736 2249 1094 2327 suamvoluntamplum
1147 2249 1269 2324 valoris,
1298 2253 1451 2328 quantum
1464 2253 1576 2327 potest,
1594 2253 1697 2327 potest
1722 2250 1827 2305 autem
1848 2245 1903 2304 solo
1968 2267 1969 2304 3

326 2353 401 2397 esse.
418 2337 564 2398 Ecoutra
588 2340 876 2420 dispensatioque
900 2340 935 2401 lit
956 2341 1092 2420 privatis,
1147 2341 1253 2402 animo
1278 2342 1393 2420 absque
1416 2348 1499 2401 cena
1515 2338 1685 2400 uerborum
1698 2337 1819 2413 forma;
1841 2355 1904 2416 ergo
1968 2397 1969 2404 ,

327 2435 373 2488 est
386 2447 435 2489 res
448 2429 564 2507 odiosa,
586 2451 658 2493 cum
677 2433 716 2494 sit
736 2434 905 2513 exception
923 2433 989 2511 lege
1011 2450 1095 2494 com·
1147 2433 1263 2494 censeri
1282 2433 1373 2494 debet
1386 2433 1418 2493 id
1431 2431 1550 2492 lacere:
1572 2431 1647 2492 hinc
1676 2431 1771 2492 etiam
1798 2431 1906 2509 quoties

328 2521 425 2595 muni,
439 2521 897 2602 difformitasacommunitate,
910 2530 940 2585 et
953 2526 1095 2604 quaedam
1149 2525 1298 2605 Superior
1324 2525 1408 2586 videt
1442 2525 1601 2585 subditum
1633 2529 1780 2604 agentem
1813 2527 1907 2583 oonha

328 2613 475 2674 correctio
485 2614 576 2693 juris,
592 2616 665 2677 hinc
678 2623 724 2678 est
740 2617 963 2697 restringenda,
984 2623 1015 2677 et
1027 2619 1095 2678 ideo
1146 2617 1258 2694 legem,
1285 2624 1317 2678 et
1338 2623 1427 2690 tacet,
1451 2622 1593 2678 censetur
1607 2617 1788 2696 dispensare
1805 2633 1859 2694 pro
1877 2633 1907 2674 eo

330 2706 364 2766 iu
378 2705 485 2780 dubio,
501 2725 542 2768 an
558 2725 590 2768 se
604 2709 749 2771 extendat
761 2711 800 2770 ad
814 2711 880 2786 has,
896 2709 945 2770 vel
957 2709 1023 2770 illas
1037 2709 1095 2769 cir·
1148 2717 1229 2784 actu,
1259 2715 1304 2771 est
1324 2710 1409 2770 enim
1424 2709 1601 2770 ratihabitio
1616 2727 1672 2788 pro
1687 2709 1841 2788 presenti,
1852 2725 1908 2766 nou
1968 2701 1970 2724 ²

329 2801 539 2876 sumatantias,
557 2800 691 2879 judicari
706 2801 806 2871 dehet,
827 2803 911 2882 quod
924 2821 956 2862 se
971 2821 1035 2863 non
1049 2821 1099 2863 ex·
1148 2809 1254 2863 tamen
1282 2821 1338 2882 pro
1357 2802 1475 2862 actibus
1504 2799 1626 2875 tuturis,
1654 2800 1698 2860 ita
1733 2800 1846 2859 Sanch.
1871 2799 1907 2858 Sa
1968 2805 1971 2862 l

330 2892 448 2968 tendat,
464 2893 506 2953 ita
518 2910 588 2954 cum
603 2895 763 2956 communi
777 2897 867 2955 Tam.
885 2895 917 2956 in
929 2893 1012 2955 Dect.
1030 2894 1049 2956 1.
1068 2897 1097 2955 1.
1152 2895 1246 2968 Schil,
1268 2895 1450 2955 etaliicum
1464 2894 1556 2963 Dian,
1577 2912 1612 2975 p.
1629 2894 1657 2953 8.
1680 2891 1715 2953 T.
1745 2894 1775 2953 3.
1805 2893 1842 2953 n.
1865 2892 1908 2952 it.
1970 2919 1971 2922 ¹

333 3002 361 3044 c.
386 2985 417 3044 3.
450 2984 484 3045 V.
507 2984 791 3065 Dispensatioffiob.
815 2987 847 3046 in
873 2985 960 3068 Eup.
979 2995 1001 3048 t.
1021 2989 1096 3049 On.
1150 2987 1277 3048 Addunt
1298 2986 1409 3047 Sanch.
1435 2987 1525 3046 Dian.
1547 2990 1578 3044 ct
1592 2984 1687 3046 Casta.
1711 2981 1743 3043 d.
1759 2987 1790 3044 l.
1804 3004 1835 3065 p.
1849 2984 1912 3044 Osi
1970 3005 1971 3058 ς

335 3077 406 3139 700.
423 3081 454 3138 et
463 3077 527 3137 dixi
541 3097 571 3138 n.
588 3079 656 3139 622.
667 3079 847 3162 diceturque
861 3079 975 3140 iterum
990 3080 1097 3142 noso.
1152 3077 1344 3158 dispensatus
1367 3077 1408 3138 sis
1431 3079 1470 3138 ad
1492 3078 1554 3138 duo
1576 3075 1740 3148 Beneficia,
1770 3076 1913 3136 chamle
1969 3073 1971 3142 i

249 3169 309 3231 799
373 3167 400 3248 ἓ.
415 3170 444 3229 3.
471 3169 618 3248 Superior
632 3170 704 3244 loci,
735 3189 790 3232 seu
815 3170 964 3232 territorii
990 3177 1099 3251 potest,
1152 3189 1217 3232 esse
1243 3171 1452 3250 dispensatum
1475 3189 1494 3230 a
1517 3168 1684 3230 residentia
1704 3168 1821 3242 unius;
1850 3167 1914 3228 item

332 3261 427 3320 etiam
453 3261 486 3320 in
513 3261 632 3340 legibus
659 3263 891 3341 communibus,
928 3263 1103 3342 dispensare
1153 3263 1179 3322 si
1211 3263 1403 3342 dispensatus
1423 3262 1465 3322 sis
1489 3262 1524 3321 in
1547 3266 1635 3321 aetate
1660 3261 1700 3320 ad
1736 3259 1915 3334 beneficium

334 3351 502 3430 cumvagis
516 3352 627 3415 nullibi
641 3354 828 3415 habentibus
842 3355 1043 3430 domicilium,
1059 3355 1103 3416 ita
1153 3354 1339 3434 parochiale,
1378 3355 1469 3416 etiam
1498 3372 1531 3414 cs
1556 3352 1750 3432 dispensatus
1783 3353 1818 3412 in
1847 3351 1915 3412 obli-

335 3443 447 3506 Sanch.
468 3445 548 3507 hess.
576 3447 712 3526 Castrop.
733 3454 756 3506 t.
779 3450 808 3507 3.
828 3445 858 3508 d.
879 3450 908 3508 s.
926 3466 962 3529 p.
977 3451 1008 3508 7.
1024 3447 1053 3526 ξ.
1072 3449 1100 3509 i.
1153 3447 1278 3524 gatione
1313 3447 1395 3508 intra
1432 3463 1552 3507 anuum
1588 3444 1778 3524 suscipiendi
1822 3443 1915 3504 Sacer-

335 3537 475 3599 obicum
489 3537 556 3598 aliis
572 3538 660 3599 docet
680 3557 768 3618 posse
782 3558 905 3619 quoque
929 3540 1104 3620 dispensare
1154 3539 1291 3616 dotium;
1330 3541 1405 3601 item
1439 3541 1465 3600 si
1493 3545 1598 3600 tecum
1628 3537 1669 3597 sit
1700 3537 1914 3618 dispensatim,

334 3630 369 3690 iu
381 3629 449 3708 lege
459 3629 619 3693 communi
632 3649 703 3690 cum
717 3631 889 3712 peregrinis
904 3631 977 3692 alibi
990 3631 1104 3694 haben·
1154 3633 1228 3711 qnia
1239 3631 1417 3712 illegitimus
1432 3649 1474 3704 es,
1491 3631 1541 3692 vel
1554 3629 1745 3708 inegularis,
1772 3635 1809 3689 ut
1832 3627 1917 3709 pomis

333 3718 418 3782 tibus
433 3720 636 3798 domicilium,
654 3723 700 3782 uti
721 3741 774 3784 cos
795 3724 953 3786 absolvere
973 3729 1105 3804 potesta
1155 3725 1309 3805 suscipere
1324 3724 1453 3786 Ordines
1470 3741 1583 3799 sacros,
1598 3722 1693 3782 etiam
1715 3727 1761 3781 est
1772 3721 1918 3801 dispensa·

335 3816 466 3894 peccatis
483 3833 490 3875 :
505 3820 610 3876 tamen
631 3833 703 3876 cum
718 3816 767 3877 his
788 3835 853 3877 uon
867 3822 966 3897 potest
980 3818 1104 3898 dispen-
1155 3825 1223 3880 tum
1250 3823 1286 3878 ut
1312 3817 1407 3897 possis
1434 3817 1572 3894 accipere
1585 3813 1779 3875 Beneficium
1800 3812 1919 3893 simplex

336 3924 404 3967 aare
416 3908 447 3967 in
466 3908 555 3981 votis,
575 3907 770 3986 juramentis,
793 3914 847 3970 aut
863 3909 930 3969 aliis
944 3909 1106 3989 singulari·
1154 3915 1304 3988 tanquam
1318 3909 1446 3970 titulum
1459 3907 1662 3968 ordinationis
1671 3911 1753 3965 tuae:
1770 3905 1919 3965 haeceuim

336 3998 395 4058 bus
427 3999 669 4079 impedimentis,
703 3999 742 4060 ad
773 4000 832 4060 hoc
865 4001 950 4061 enim
983 4003 1106 4064 videtur
1156 4019 1188 4062 sc
1201 3999 1582 4074 concomitanterhabeut,
1604 3998 1739 4076 ideoque
1752 3997 1779 4057 si
1809 3997 1920 4076 dispan-

335 4091 454 4170 requiri
467 4091 566 4170 maJ'or
588 4091 736 4170 subjectio
751 4111 758 4152 :
774 4098 873 4172 potest
889 4097 997 4154 tamen
1011 4095 1106 4175 Supe-
1155 4110 1226 4152 saus
1246 4098 1427 4172 potestatem
1441 4092 1563 4166 habeat,
1575 4095 1719 4151 censetur
1734 4107 1806 4149 eam
1820 4094 1919 4149 exten·

338 4181 402 4241 rior
414 4183 516 4259 inhis,
531 4185 606 4245 item
615 4184 650 4244 in
664 4184 808 4245 omnibus
820 4184 953 4264 legibus,
971 4193 1001 4246 et
1010 4188 1109 4266 poeuis
1158 4183 1230 4246 dere
1244 4184 1283 4245 ad
1303 4189 1483 4263 utrumque,
1498 4185 1609 4262 haym.
1625 4181 1666 4242 od
1678 4200 1746 4259 cop.
1765 4183 1794 4241 l.
1808 4181 1851 4241 De
1856 4178 1922 4259 filiis

339 4288 443 4334 secum
455 4275 519 4354 ipse
534 4276 721 4355 dispensare,
737 4296 802 4338 non
813 4283 937 4338 tantum
950 4279 1108 4358 indirecte,
1157 4278 1320 4358 presbyter.
1332 4277 1363 4337 iu
1374 4280 1403 4338 d.
1420 4285 1529 4337 contra
1545 4274 1667 4335 Silvest.
1684 4273 1815 4336 Rebuff.
1843 4277 1920 4332 Amr.

340 4365 413 4444 quia
439 4366 574 4428 tollendo
595 4368 815 4446 obligationem
838 4389 857 4430 a
878 4371 1110 4448 communitate,
1158 4369 1248 4431 Leur.
1264 4374 1367 4449 quest.
1384 4371 1454 4430 eoo.
1471 4368 1547 4428 Vide
1561 4369 1701 4445 Castrop.
1718 4363 1752 4425 de
1772 4383 1884 4425 censor.
1897 4360 1922 4422 d.

341 4456 428 4535 cujus
447 4476 519 4537 pars
538 4464 593 4535 est,
618 4460 711 4520 simul
732 4461 813 4520 tollit
831 4479 850 4520 n
869 4461 985 4540 seips03
1011 4481 1110 4542 noque
1160 4462 1190 4522 6.
1202 4479 1234 4542 p.
1250 4464 1280 4522 7.
1297 4481 1328 4522 n.
1345 4463 1395 4523 111.
1411 4462 1498 4521 1116.
1515 4460 1606 4530 Diau,
1619 4478 1652 4540 p.
1668 4461 1699 4518 7.
1717 4465 1756 4518 tr.
1769 4459 1820 4520 10.
1832 4475 1886 4518 res.
1897 4457 1922 4516 6.

341 4555 463 4612 tantum
490 4550 622 4612 mediate
655 4551 689 4612 in
723 4559 876 4631 quantum
907 4553 966 4613 sibi
996 4553 1111 4631 eligere
1159 4572 1191 4634 p.
1208 4555 1237 4613 8.
1254 4560 1292 4614 tr.
1318 4555 1368 4615 38.
1384 4562 1412 4614 et
1426 4555 1477 4613 ll.
1499 4571 1531 4632 p.
1547 4553 1578 4612 O.
1593 4559 1634 4610 tr.
1651 4552 1670 4610 8
1687 4569 1745 4610 res.
1766 4551 1807 4609 ἐξ
1833 4567 1865 4630 p.
1881 4549 1922 4608 10.

341 4645 441 4723 potest
454 4641 600 4721 ahquem,
617 4644 831 4724 quiinipsum
843 4644 957 4706 habeat
970 4646 1112 4708 eamdem
1161 4653 1184 4706 t.
1202 4648 1321 4707 13.res.
1344 4647 1392 4706 30.
1420 4643 1522 4705 illst.
1557 4647 1585 4704 l.
1609 4640 1639 4703 d.
1665 4643 1694 4703 3.
1712 4663 1743 4703 n.
1764 4643 1860 4703 :thet
1881 4641 1921 4699 37.

342 4739 524 4814 potestatem
549 4734 642 4794 etiam
666 4735 845 4798 absolvendi
871 4756 889 4797 a
916 4737 1058 4816 peccatis,
1083 4744 1114 4799 et
1162 4738 1255 4798 Leuc.
1272 4758 1301 4819 q.
1318 4739 1389 4798 2511.
1907 4803 1913 4810 ,

343 4825 492 4901 censuris,
508 4844 602 4905 quam
616 4827 681 4907 ipse
701 4827 796 4888 habet
817 4830 851 4889 in
870 4829 1016 4891 subditos.
1037 4828 1109 4910 Cap.
1202 4830 1229 4910 ξ.
1244 4833 1274 4890 O.
1292 4829 1480 4911 Dispensatio
1505 4827 1631 4888 obtenta
1659 4844 1697 4886 ex
1724 4825 1810 4886 taleis
1837 4823 1925 4885 causis
1946 4827 1968 4871 2²v

343 4916 443 5001 finali,
458 4916 493 4978 de
524 4936 602 4998 pen.
639 4929 668 4980 et
694 4921 805 4983 runica.
832 4920 885 4982 sed
915 4921 1115 5000 probabiliter
1163 4922 1241 4982 nihil
1254 4927 1399 5003 operatur
1413 4943 1421 4998 ;
1434 4923 1481 4980 lta
1496 4919 1671 4980 communis
1696 4935 1769 4978 cum
1785 4919 1889 4984 Corae,
1905 4913 1923 4974 l.

344 5011 470 5085 directe,
485 5016 516 5071 et
529 5011 707 5073 immediate
718 5013 819 5092 quood
834 5032 880 5090 ea,
892 5033 961 5093 quae
976 5014 1117 5094 indigent
1163 5018 1192 5074 l.
1210 5032 1265 5075 res.
1285 5015 1334 5077 10.
1352 5033 1403 5074 nu.
1421 5016 1448 5074 l.
1471 5013 1561 5072 Suar.
1584 5007 1619 5070 dc
1634 5017 1698 5070 coto
1727 5007 1749 5070 l.
1772 5012 1804 5070 6.
1826 5028 1885 5090 cop.
1898 5009 1924 5066 6.

345 5102 550 5178 absolutione,
577 5104 623 5163 uti
645 5103 765 5166 dicetur
786 5105 808 5166 1.
826 5109 854 5167 3.
872 5125 909 5186 p.
936 5109 962 5168 l.
990 5125 1021 5166 n.
1044 5109 1113 5169 185.
1166 5103 1233 5165 dinc
1252 5107 1323 5166 lnn.
1349 5107 1405 5166 111.
1421 5123 1449 5165 c.
1470 5105 1519 5164 15.
1546 5099 1581 5162 de
1602 5101 1739 5182 rescript.
1763 5101 1822 5177 nit,
1854 5099 1926 5162 lieet

346 5200 506 5276 potestque
520 5196 618 5257 videri
631 5196 695 5257 ills.
717 5203 740 5258 t.
757 5195 785 5259 d.
800 5199 830 5258 t.
852 5219 881 5259 n.
903 5200 953 5258 n.
974 5202 1005 5258 et
1018 5217 1046 5260 n.
1065 5201 1114 5260 50.
1167 5196 1252 5259 Sedes
1285 5197 1451 5279 Apostolice
1487 5193 1664 5255 cmsncocn't
1701 5191 1870 5274 petentibus
1902 5207 1926 5249 e

346 5286 382 5348 de
390 5287 569 5367 pereprinis.
591 5288 697 5349 Videri
712 5289 916 5370 etiampotest
934 5289 1068 5351 Delbene
1082 5289 1117 5352 de
1167 5288 1318 5350 liberalem
1341 5287 1485 5355 collidere,
1514 5283 1642 5346 mendac
1678 5291 1775 5346 tomen
1800 5291 1926 5366 precator

350 5377 437 5441 Imm.
449 5378 531 5441 Eccl.
541 5385 600 5440 toto
612 5399 636 5442 c.
653 5385 702 5442 11.
713 5383 749 5441 Et
758 5382 796 5443 de
810 5381 1035 5461 dispensatione
1045 5400 1117 5443 cum
1167 5401 1226 5442 non
1248 5381 1330 5442 debet
1359 5379 1527 5462 impetratis
1542 5375 1680 5458 pondere.
1709 5378 1807 5438 Justae
1832 5381 1925 5436 autem

349 5473 460 5550 seipso,
475 5472 545 5532 vide
558 5473 703 5535 eumdem
716 5473 785 5534 doh.
802 5477 832 5534 7.
1167 5475 1206 5534 ad
1241 5473 1405 5554 petendam
1431 5469 1691 5551 dispensationem
1720 5487 1821 5529 causae
1852 5469 1924 5530 siml.

268 5575 328 5636 800
390 5563 417 5641 ἓ.
446 5565 475 5625 t.
497 5563 530 5624 Si
552 5564 738 5644 dispematio
761 5565 800 5627 sit
827 5565 866 5626 ad
885 5565 996 5645 majus.
1026 5565 1118 5628 etiam
1167 5568 1332 5628 necessitas
1360 5581 1509 5645 personae,
1544 5563 1594 5624 rel
1631 5580 1743 5642 magna
1774 5560 1925 5622 difficultas
