3944 6350
690 413 740 474 DE
760 413 933 476 LEGIBUS.
1171 463 1179 478 .
1548 415 1603 475 411

48 577 153 650 11111166,
175 576 300 651 melios,
326 576 439 656 quibus
461 576 542 638 lavet
565 577 717 658 l'olpilier
737 580 786 641 bic
836 599 941 659 graue,
958 586 1120 644 esttamen
1141 581 1312 661 resgravis,
1337 587 1368 643 et
1383 581 1491 644 merito
1505 580 1607 660 graui-

47 693 65 734 r.
81 675 165 732 lari.
179 673 207 730 4.
223 668 788 747 dicens,banesententiam,licetnon
836 679 883 733 ter
909 673 1078 753 prohibita,
1109 675 1228 755 quiesi
1252 674 1382 753 singulis
1405 674 1511 734 liceret
1532 673 1609 733 citra

46 768 161 828 teneatur
174 781 192 822 a
207 761 323 828 multis.
343 769 448 822 11111611
461 780 525 823 csse
540 764 732 839 alletoritate,
758 770 789 825 et
837 765 967 826 mortale
981 767 1228 847 semperefferre,
1241 767 1439 829 cumveniele
1453 766 1609 828 ordinarie

47 857 115 919 bonis
136 855 345 916 fundamentis
375 855 539 917 munitam.
566 855 656 916 Ratio
682 863 789 918 nostra
837 859 1242 938 parumcureturacupidis
1256 860 1345 928 lucri,
1362 859 1449 920 facile
1462 858 1560 930 lieret,
1574 863 1610 917 ιι1

45 955 87 1022 611,
100 947 248 1028 quietalis
261 947 392 1008 materia
411 954 457 1008 est
479 967 575 1028 capax
587 949 703 1009 nullius
717 954 788 1010 actu
838 949 952 1030 singuli
965 951 1073 1012 saltem
1087 953 1179 1014 semel
1195 951 1357 1029 etlerrent,
1373 971 1429 1034 per
1442 951 1526 1031 quod
1540 969 1610 1012 6611·

45 1039 224 1120 obligationiS,
236 1040 284 1101 uti
292 1041 488 1120 supponitur,
497 1059 570 1120 ergo
586 1041 788 1104 etiamsolum
837 1049 957 1102 seretur
976 1043 1112 1104 notabile
1134 1045 1285 1105 damnum
1311 1045 1402 1124 Reip.
1425 1062 1500 1123 ergo
1521 1061 1610 1104 mens

47 1134 121 1218 lerisj
134 1130 195 1194 Nec
208 1131 313 1208 obstat,
336 1133 419 1212 quod
439 1135 565 1194 materia
594 1133 696 1212 gravis
723 1153 787 1195 non
837 1132 1017 1210 legislatoris
1028 1145 1074 1196 est
1087 1135 1180 1197 etiam
1195 1137 1319 1198 unicam
1334 1138 1433 1199 vicem
1446 1135 1610 1216 probibere

45 1225 120 1308 posit
144 1225 283 1286 substare
303 1225 363 1304 legi
378 1225 513 1286 naturali
537 1225 646 1288 leuiter
666 1231 788 1288 1111111111
837 1225 895 1285 sub
908 1227 1042 1302 mortali,
1053 1235 1161 1308 utpote
1173 1247 1394 1308 remgravem,
1409 1235 1535 1310 propter
1550 1228 1608 1288 eir-

43 1318 177 1398 obiganti3
192 1338 262 1378 ιιαιιι
283 1317 430 1398 obligatio
442 1318 517 1396 legis
526 1319 675 1380 naturalis
686 1338 790 1380 neces
838 1321 1056 1380 cumstantiam
1087 1339 1143 1400 per
1176 1339 1208 1382 se
1235 1322 1390 1401 loquendo
1426 1319 1610 1401 pluralitatis

42 1411 104 1472 sario
126 1411 264 1490 sequitur
281 1411 320 1472 ad
347 1411 533 1490 exigentiam
560 1411 698 1472 materiae
718 1411 789 1474 sub·
839 1409 957 1489 alioqui
968 1411 1092 1474 futurae.

39 1504 120 1584 jecta,
147 1523 217 1583 quae
244 1504 410 1566 intrinsece
440 1509 485 1564 est
511 1504 590 1580 talis,
620 1509 655 1564 ut
688 1503 726 1564 de
756 1523 788 1566 se
878 1504 1186 1580 atrebatenses,
1205 1507 1231 1568 si
1252 1505 1609 1587 Religiosustantumad
1634 1497 1691 1556 67¹1

42 1613 153 1675 semper,
171 1596 221 1657 uel
246 1595 391 1674 graviter,
427 1595 477 1656 vel
500 1594 608 1656 leviter
636 1601 789 1674 repugnet
837 1595 948 1656 horam
968 1601 1083 1659 temere
1103 1598 1236 1659 dimittet
1249 1618 1341 1660 strum
1363 1598 1527 1674 habitum,
1546 1615 1610 1658 esse

41 1693 139 1749 natura
147 1688 300 1759 rationali,
313 1693 573 1768 etconsequcnter
581 1688 786 1766 legiaeterntr,
840 1687 1000 1748 materiam
1015 1689 1131 1762 leuem,
1154 1692 1200 1751 uti
1212 1697 1320 1753 tenent
1335 1691 1490 1765 Sancbez,
1513 1693 1544 1751 et
1559 1690 1611 1750 alii

42 1779 155 1840 beenon
168 1785 213 1841 est
230 1781 264 1841 in
279 1779 346 1842 aliis
369 1781 505 1842 materiis
528 1780 786 1856 indifferentibus,
839 1797 910 1838 cum
931 1779 1028 1842 Diana
1056 1781 1095 1842 R.
1124 1787 1174 1844 61.
1211 1789 1318 1846 eontra
1347 1784 1438 1845 Suar.
1469 1784 1610 1862 Castrop.

41 1891 153 1951 quarum
162 1873 307 1952 obligatio
322 1874 535 1954 contingenter
548 1872 789 1952 pendetalibera
840 1877 880 1931 tr.
907 1874 955 1933 10.
970 1871 999 1934 d.
1016 1875 1045 1934 4.
1056 1893 1092 1954 p.
1116 1876 1144 1936 6.
1164 1872 1194 1936 ιι.
1212 1879 1259 1938 11.
1271 1882 1309 1955 61
1328 1875 1414 1951 alios,
1438 1875 1492 1954 qui
1506 1873 1613 1935 dicunt

42 1964 374 2044 voluntatelegislatoria
383 1965 437 2044 qui
450 1969 638 2026 nouattenta
651 1965 788 2026 materiae
839 1981 903 2026 esse
917 1967 1078 2028 materiam
1093 1985 1230 2046 gravem.
1246 1968 1337 2029 Ratio
1352 1973 1459 2028 nostra
1471 1972 1528 2041 est,
1540 1966 1613 2046 quia

40 2057 192 2117 seeundum
209 2075 241 2118 se
252 2059 401 2136 grautete
415 2063 517 2138 potest
530 2057 691 2136 imponere
706 2057 788 2116 obli·
838 2054 910 2116 11111
922 2057 999 2136 legis
1009 2064 1064 2135 est,
1080 2077 1120 2120 ne
1138 2059 1180 2121 sic
1190 2060 1372 2121 occultando
1387 2065 1502 2120 statum
1516 2057 1612 2120 libere

40 2149 190 2226 gationem,
212 2150 263 2211 161
286 2150 416 2226 nullam,
446 2149 496 2210 rel
516 2148 632 2224 leuem;
660 2149 790 2210 materia
841 2155 985 2227 vagetur;
1010 2151 1092 2212 intra
1111 2152 1222 2214 boram
1236 2159 1341 2214 autem
1362 2170 1426 2212 non
1448 2150 1613 2231 vagabitur

39 2241 109 2301 enim
120 2246 165 2302 est
178 2261 272 2322 capax
295 2241 490 2320 obligationis
503 2241 615 2320 grauis,
634 2241 720 2318 levis,
741 2243 790 2303 vel
839 2240 942 2320 louge,
960 2261 1034 2322 ergo
1050 2245 1175 2324 praecise
1190 2245 1345 2308 dimittere
1354 2263 1410 2325 per
1423 2246 1535 2306 boram
1549 2263 1613 2304 non

39 2333 137 2394 nullius
147 2339 229 2395 actu.
246 2335 352 2396 Plures
362 2333 547 2412 objectiones
558 2332 790 2412 videripossuut
840 2339 886 2394 est
907 2335 1036 2396 materia
1057 2337 1169 2415 grauis,
1199 2337 1337 2418 adeoque
1360 2343 1467 2420 peccat
1489 2341 1614 2398 tantum

38 2425 129 2486 solute
144 2427 226 2508 apud
242 2428 378 2506 Castrop.
394 2445 426 2486 ιι.
444 2427 474 2488 5.
487 2425 574 2498 Quod
588 2425 614 2485 si
627 2431 710 2486 certo
725 2445 789 2487 non
840 2425 957 2488 leviter.

39 2522 141 2578 constet
166 2519 331 2594 exvarbis,
360 2519 410 2579 vel
432 2517 679 2585 circumstantiis,
708 2519 791 2598 quod
881 2520 909 2579 4.
930 2519 961 2582 Si
983 2520 1023 2580 sit
1042 2521 1192 2598 mortale,
1224 2522 1362 2603 aliquem
1388 2541 1475 2584 sacro
1499 2524 1614 2585 Ordine
1638 2511 1697 2572 6⁷2
1810 2605 1812 2610 Ι

39 2607 171 2690 Superior
191 2612 224 2672 in
250 2612 378 2673 materia
392 2611 478 2690 graui
490 2609 657 2671 intenderit
673 2610 790 2690 obliga·
841 2609 997 2672 initiatum
1018 2631 1081 2675 uon
1105 2620 1223 2694 gestare
1248 2616 1420 2676 clericalem
1449 2616 1613 2692 habitum,

38 2701 140 2764 tionem
153 2710 275 2765 tantum
290 2705 401 2776 levem,
419 2702 608 2764 censendum
622 2708 668 2763 cst
689 2703 792 2765 inten-
842 2709 874 2764 et
885 2710 1045 2766 tonsuram
1062 2705 1116 2786 (de
1131 2726 1194 2786 quo
1209 2707 1319 2768 dicitur
1336 2707 1390 2768 tit.
1412 2711 1441 2770 4.
1456 2727 1486 2769 ιι.
1505 2707 1612 2788 1372.)

38 2793 104 2856 disse
117 2815 255 2875 grauem
270 2797 441 2858 secundum
456 2795 641 2873 exigentiam
655 2797 793 2857 materiae
841 2796 1044 2858 nihilominus
1068 2799 1108 2860 ob
1131 2800 1383 2860 commoditatem
1407 2818 1469 2860 non
1493 2806 1615 2880 gestare

38 2887 136 2964 gravis,
165 2889 217 2950 eui
239 2889 446 2951 communiter
473 2888 639 2967 respondet
662 2888 793 2950 intentio
843 2889 985 2950 habitum
999 2891 1037 2952 ad
1052 2891 1209 2952 modicum
1221 2897 1355 2971 tempus,
1367 2911 1480 2972 nempe
1494 2893 1617 2973 adqua-

37 2977 207 3058 Superioris.
842 2986 924 3058 tuor,
939 2989 994 3043 aut
1008 3001 1062 3044 sex
1075 2983 1150 3060 dies,
1167 2983 1225 3044 crit
1241 2989 1367 3044 tantum
1377 2984 1452 3045 levis
1472 2984 1614 3060 materia,

9 3061 20 3122 l
70 3071 94 3150 §-
110 3075 196 3134 Ι11111
214 3071 322 3152 positis
334 3070 543 3132 fundamentis
557 3071 666 3132 resolvi
681 3072 795 3134 debent
843 3073 1012 3136 dummodo
1026 3075 1160 3153 babitus,
1176 3075 1229 3156 qui
1243 3076 1432 3152 assumitur,
1447 3077 1487 3137 sit
1505 3077 1617 3138 bones·
1730 3062 1736 3072 ⁰

36 3164 165 3244 plurimae
184 3164 371 3246 questiones
391 3163 425 3224 in
447 3163 682 3244 particularibus
699 3170 794 3226 mate·
844 3170 903 3244 tua,
927 3167 973 3226 uti
992 3172 1100 3228 tenent
1119 3169 1267 3230 Panorm.
1291 3170 1371 3246 Aug.
1390 3169 1518 3230 Tabien.
1537 3168 1614 3230 Silv.

36 3255 90 3334 riis,
105 3257 142 3318 de
151 3257 266 3338 quibus
277 3255 340 3316 suis
353 3256 446 3316 locis:
462 3256 513 3316 hic
522 3256 633 3317 addam
642 3257 794 3318 illationes
846 3259 911 3322 Sot.
926 3261 1025 3320 Bann.
1047 3260 1115 3322 Fill.
1132 3265 1162 3321 et
1186 3259 1254 3336 alii;
1272 3259 1415 3320 similiter
1435 3261 1460 3322 si
1479 3261 1618 3341 negligat

35 3347 151 3432 ulique,
167 3369 226 3432 pro
240 3349 352 3429 quibus
365 3349 439 3410 alibi
452 3355 600 3410 uocasset
614 3349 795 3412 commodus
844 3357 1006 3414 tonsuram
1019 3353 1057 3414 ad
1071 3371 1134 3422 sex,
1150 3353 1200 3414 vcl
1206 3357 1324 3432 septem
1331 3353 1407 3430 dies,
1416 3352 1476 3414 erit
1488 3354 1618 3416 materia

34 3438 116 3504 loeus
844 3441 938 3519 levis,
964 3441 1066 3521 inquit
1093 3441 1201 3508 Quarti
1222 3441 1256 3501 ιἰι
1281 3441 1377 3504 liubr.
1400 3441 1502 3503 Missoe
1522 3461 1555 3524 p.
1584 3445 1613 3505 3.

69 3537 95 3597 l.
111 3535 144 3597 Si
156 3535 315 3614 legislator
333 3533 373 3596 ob
394 3533 571 3614 frequentes
588 3552 708 3614 pugnas
721 3553 794 3615 pro·
846 3533 892 3594 tit.
909 3535 938 3596 6.
954 3541 1025 3595 sert.
1049 3539 1078 3595 1.
1094 3533 1158 3594 imo
1172 3537 1260 3612 putat
1279 3533 1345 3594 Gob
1370 3533 1401 3593 iu
1417 3532 1503 3614 Eap.
1529 3542 1568 3596 tr.
1584 3537 1614 3597 8.

35 3625 160 3689 hibuerit
194 3634 292 3690 noctu
319 3627 434 3708 gestari
464 3644 563 3702 arma,
595 3627 710 3707 siquis
740 3645 796 3707 per
845 3644 875 3688 ιι.
887 3627 1137 3706 1601116111111
1148 3643 1214 3686 non
1224 3631 1426 3706 peccaturum
1434 3627 1616 3704 mortaliter,

35 3717 133 3782 boram
146 3719 469 3801 gestansobambulet,
484 3724 529 3779 est
537 3718 665 3780 materia
674 3720 793 3798 gravis:
846 3719 900 3798 qni
929 3737 985 3800 per
1006 3737 1083 3796 sex,
1118 3717 1167 3780 vel
1199 3722 1267 3778 octo
1301 3717 1488 3798 septimanas
1522 3719 1619 3798 negli-

36 3811 154 3892 ideoque
168 3818 276 3894 peccat
290 3811 436 3892 grauiter,
461 3810 535 3892 qnia
551 3811 671 3872 tamdiu
688 3811 795 3872 obam-
845 3818 932 3890 geret
943 3829 1108 3873 coronam:
1140 3810 1178 3871 de
1197 3809 1308 3872 babitu
1321 3815 1428 3872 tamen
1442 3810 1535 3872 sentit
1546 3811 1618 3891 rigi·

34 3902 145 3967 balanti
175 3905 266 3968 facile
296 3909 436 3966 occurret
461 3903 577 3964 occasio
608 3903 692 3979 rixae,
722 3921 796 3984 ergo
847 3903 926 3966 dius.

33 3994 97 4058 lucit
115 3999 252 4078 grauiter
273 4003 382 4058 eontra
401 3997 497 4057 linem
519 3995 615 4074 legis:
643 3997 669 4057 si
692 4002 797 4058 autem
888 3994 916 4054 5.
935 3991 967 4053 Si
982 3991 1122 4054 blonislis
1145 3991 1320 4071 egredietur
1340 4009 1357 4054 e
1378 3991 1539 4070 clausura,
1564 3999 1619 4055 aut
1643 4014 1703 4076 073

33 4089 480 4169 gestetbreuissimotempore,
495 4087 797 4150 abinonestoecasio
847 4085 925 4146 alius
951 4084 1141 4163 ingrediatur
1161 4084 1335 4146 clausuram
1361 4083 1547 4145 Monialium
1578 4085 1618 4146 ad

33 4181 111 4254 11116,
127 4187 372 4263 peecattantum
385 4180 547 4242 venialiter
561 4179 600 4240 ob
614 4179 797 4260 parvitatem
847 4178 926 4239 duos
952 4178 1060 4257 pedes,
1087 4183 1119 4238 et
1145 4177 1249 4238 statim
1276 4176 1392 4253 redeat,
1422 4181 1467 4238 est
1489 4177 1620 4238 materia

33 4277 229 4338 materialia
243 4276 350 4335 Bonsc.
369 4278 400 4334 et
413 4273 551 4352 Castrop.
560 4291 594 4353 p.
611 4275 639 4333 7.
657 4292 687 4334 ιι.
703 4277 732 4334 l.
847 4271 934 4347 levis,
959 4270 1006 4331 uti
1028 4274 1110 4332 reete
1124 4269 1213 4330 Nald.
1228 4267 1331 4331 eran.
1349 4273 1379 4330 et
1393 4268 1490 4330 Diana
1505 4268 1546 4330 n.
1567 4270 1618 4330 ut.

9 4363 15 4426 t
67 4368 94 4429 2.
112 4369 146 4430 Si
158 4367 320 4448 legislator
334 4365 528 4448 prohibuerit
549 4363 657 4426 efferre
676 4363 797 4445 fruges,
849 4367 956 4424 contra
986 4363 1141 4439 Sancbez,
1170 4367 1201 4423 et
1228 4361 1316 4438 alios,
1346 4361 1400 4440 qui
1427 4359 1534 4422 dieunt
1556 4379 1621 4424 esse

32 4459 75 4520 111
94 4480 183 4524 arma
207 4479 248 4522 ex
274 4460 393 4541 patria,
417 4457 534 4538 siquis
563 4457 659 4519 semel
680 4457 798 4536 efferat,
849 4459 1011 4517 materiam
1034 4473 1172 4535 gravem,
1189 4460 1220 4516 et
1237 4453 1380 4528 mortale,
1405 4453 1467 4514 nisi
1482 4460 1623 4516 maneret

31 4554 198 4616 seeundum
218 4553 313 4615 Gran.
336 4556 368 4612 et
383 4550 459 4610 alios
479 4566 551 4611 cum
572 4550 669 4610 Diana
686 4549 725 4611 It.
748 4551 798 4610 40.
849 4549 983 4621 inostio,
997 4554 1051 4608 aut
1063 4565 1134 4628 pars
1147 4565 1211 4608 una
1226 4547 1362 4626 corporis
1375 4547 1618 4621 maneretintro,

31 4651 72 4706 est
91 4646 228 4708 materia
249 4645 342 4721 levis,
371 4648 402 4705 et
421 4648 585 4704 excusatur
612 4661 631 4702 a
657 4641 798 4715 mortali,
849 4641 899 4702 uel
917 4648 1014 4704 extra.
1031 4640 1121 4702 Ratio
1142 4645 1247 4701 nostra
1261 4645 1317 4717 est,
1333 4639 1406 4719 quia
1418 4639 1490 4700 linis
1511 4641 1620 4718 praeci-

31 4739 106 4817 quod
120 4739 286 4820 probabile
299 4743 355 4809 est,
371 4735 445 4816 quie
457 4735 529 4796 finis
543 4733 725 4813 legislatoris
743 4735 801 4795 erit
851 4753 932 4815 puus
948 4733 1024 4814 legis
1036 4740 1082 4794 est
1100 4751 1206 4796 cauere
1220 4732 1358 4813 pericula
1380 4731 1576 4808 Monialium,
1592 4738 1623 4800 et

30 4848 132 4893 cavere
144 4833 299 4894 damnum
314 4830 406 4910 Reip.
421 4846 494 4908 ergo
508 4845 580 4889 eum
590 4827 684 4888 semel
692 4826 800 4889 efferre
851 4827 1004 4889 occultare
1019 4826 1102 4888 velut
1116 4831 1255 4886 mortuas
1264 4823 1394 4898 mundo,
1408 4829 1515 4884 contra
1529 4841 1623 4902 quem

29 4939 89 4984 non
103 4930 212 4986 causet
230 4941 323 5003 grave
335 4923 497 4998 damnum,
516 4939 581 4981 nou
596 4919 654 4982 erit
667 4919 801 4981 notabile
851 4919 948 4981 finem
960 4919 1013 4980 hic
1029 4937 1093 4979 non
1107 4918 1211 4998 agitur
1229 4917 1415 4978 notabiliter.
1438 4915 1515 4975 Vide
1535 4915 1621 4976 Delb.

31 5022 135 5079 contra
156 5018 259 5079 finem
278 5015 373 5096 legis:
413 5019 490 5075 esset
516 5019 621 5074 tamen
643 5012 800 5088 notabile,
852 5011 887 5073 de
906 5011 1035 5073 Immun.
1062 5009 1221 5072 doricae.
1243 5012 1292 5074 19.
1313 5009 1452 5070 detta.
1472 5007 1624 5086 quitenet

30 5105 127 5188 inquit
140 5111 287 5188 Castrop.
306 5127 339 5168 n.
355 5109 385 5167 b.
410 5106 436 5166 si
453 5105 638 5167 efferrentur
652 5105 757 5183 fruges
768 5123 801 5165 1.
853 5121 924 5165 eum
940 5103 1054 5164 Saucb.
1077 5103 1181 5164 Videri
1198 5107 1298 5183 potest
1311 5102 1407 5162 Diana
1425 5101 1517 5162 citata
1535 5118 1568 5180 p.
1591 5101 1622 5160 b'.

30 5217 59 5278 g.
69 5221 125 5282 pro
147 5205 209 5264 100
240 5201 342 5262 aureis
354 5247 362 5276 ,
375 5204 429 5260 ent
443 5216 531 5260 arma
544 5215 601 5278 pro
614 5197 804 5257 instruendis
854 5205 894 5256 tr.
910 5197 940 5257 a.
955 5195 1009 5256 ubi
1023 5214 1079 5275 per
1097 5197 1147 5257 00.
1165 5195 1395 5268 Resolutiones,
1415 5191 1624 5272 percurrendo

31 5293 67 5355 10
89 5294 267 5369 militibus;
283 5311 300 5352 e
316 5295 422 5352 eontm
436 5289 488 5350 alii
503 5307 575 5352 cnm
591 5289 706 5350 Sanch.
722 5307 755 5348 u.
772 5288 801 5348 8.
854 5288 1016 5369 plerasque
1039 5288 1200 5363 materias,
1228 5286 1396 5361 examinat,
1424 5283 1625 5364 quandonam

31 5401 113 5465 eque
133 5384 342 5468 probabiliter
355 5383 463 5444 dieunt
480 5383 573 5443 etiam
588 5380 683 5442 semel
696 5379 805 5440 efferre
855 5380 986 5442 materia
1008 5380 1046 5442 de
1070 5399 1101 5442 se
1123 5381 1225 5459 grauis
1248 5379 1300 5440 fiat
1318 5377 1415 5454 levis,
1444 5381 1475 5436 61
1498 5393 1557 5436 con
1577 5393 1625 5436 se·

32 5493 94 5540 cmc
108 5479 279 5542 materiam
289 5493 427 5556 gravem,
443 5481 474 5536 et
487 5474 628 5548 mortale,
648 5473 806 5553 qnialicet
857 5477 987 5552 quanter
1022 5472 1153 5534 mortale
1182 5471 1236 5532 fiat
1265 5469 1384 5530 uerriale
1412 5487 1449 5528 ex
1476 5466 1627 5547 puritate

34 5571 125 5630 161161
140 5571 258 5632 efferre
278 5569 448 5630 secundum
472 5585 503 5628 se
517 5585 580 5627 non
595 5565 634 5626 sit
657 5565 806 5625 damnum
858 5564 1006 5626 materiae.
