3938 6338
496 426 547 486 DE
566 423 674 487 Locis
694 423 862 486 nonnus
883 424 1125 490 THEOLOGIAE.
1543 425 1598 488 ute

57 588 97 648 Ll.
108 586 216 650 PnnIIm
229 586 304 650 libro
321 589 555 672 trigesimo-nono
574 589 614 652 ad
628 589 780 653 Edictum.
893 590 1001 652 LXVI.
1019 589 1098 653 Idem
1113 589 1187 652 Iibro
1197 590 1562 672 quinquepertito-qnam

87 681 164 761 Culpa
182 688 271 759 caret,
294 683 432 762 quieuit,
457 684 510 746 sed
533 683 698 764 prohibere
720 700 785 744 non
1123 683 1323 764 DIpeetorum.

54 779 137 854 potest
877 776 921 836 Ee
943 780 989 836 est
1012 779 1125 836 natura
1153 774 1365 852 cavillationis,
1390 793 1485 856 quam
1508 775 1605 848 Graeoi

68 867 118 928 lll.
133 865 210 948 Cujus
230 866 308 930 libro
320 867 548 950 quinto-demina
565 866 605 930 ad
624 866 765 929 Edictum
837 865 954 938 σωρείσυν
971 865 1013 950 (id
1035 873 1091 944 est,
1116 868 1286 932 acervalem
1309 867 1534 950 syllogismum)
1554 888 1607 931 vo-

300 960 504 1023 ProeIneiale.
838 965 919 1036 aaut,
942 965 978 1020 ut
1004 957 1043 1019 ab
1058 960 1216 1022 evidenter
1238 962 1318 1024 veris
1339 979 1394 1041 per
1411 961 1606 1024 brevlsdmas

80 1052 137 1113 Non
155 1052 270 1114 videtur
290 1053 432 1132 quisnam
456 1054 489 1115 id
512 1071 633 1134 aspere,
657 1048 785 1132 quodsi
837 1052 1023 1113 mutationes
1043 1053 1209 1132 disputatio
1231 1054 1270 1116 ad
1293 1073 1339 1130 ea,
1365 1073 1436 1135 quoe
1449 1053 1607 1117 evidenter

51 1145 450 1208 neeesseestaliirastituere.
836 1142 910 1204 falsa
925 1150 1007 1220 sunt,
1022 1146 1217 1225 perducatur.

48 1238 114 1300 LIII.
138 1237 278 1320 IIIpiaans
296 1237 374 1299 limo
391 1236 730 1320 qnadrepeee'mo-qnarto
747 1234 787 1298 ad
856 1235 981 1298 LXVII.
1004 1236 1085 1300 Idem
1101 1238 1178 1300 libro
1195 1239 1370 1320 seenperimn
1383 1238 1584 1320 Dipestorum.

321 1329 473 1392 Edictum.
876 1329 1040 1391 Marcelline
1054 1331 1119 1391 ait:
1141 1331 1250 1392 definit
1268 1331 1388 1394 debitor
1408 1349 1473 1394 esse
1492 1332 1529 1410 is,
1552 1332 1606 1413 qui

76 1423 133 1484 Non
157 1423 316 1484 defendere
342 1423 465 1485 videtur
491 1441 554 1484 non
583 1427 706 1484 tantum
732 1421 785 1502 qui
836 1429 946 1484 neotus
960 1427 1005 1483 est
1018 1422 1370 1502 exceptionemjustam,
1385 1425 1493 1486 ueeab
1508 1425 1605 1505 mqui-

46 1513 134 1590 utut,
148 1515 196 1576 sed
216 1520 248 1577 et
269 1515 307 1589 is,
322 1515 378 1595 qui
389 1533 525 1595 praesens
536 1520 629 1594 negat
641 1514 785 1576 sedelen-
836 1519 899 1574 tate
913 1514 1051 1575 naturali
1063 1515 1293 1577 abhorrentem.

44 1606 111 1680 dere,
125 1611 251 1668 autnon
263 1607 331 1668 vult
343 1608 498 1688 suscipere
511 1608 673 1670 sobonem.
896 1607 1040 1667 LXVIII.
1051 1606 1130 1670 Idem
1148 1606 1225 1669 libro
1238 1607 1545 1690 oetopesImo-eeptimo

44 1699 109 1760 LIV.
130 1698 251 1762 PanIIne
272 1699 349 1762 libro
370 1696 733 1782 qnadmpesimoseenndo
748 1695 787 1760 ad
1121 1699 1318 1781 Dipeetornm.

324 1791 478 1854 Edictum.
877 1789 1004 1855 eroties
1016 1790 1101 1852 idem
1115 1809 1216 1854 sermo
1229 1794 1306 1854 duas
1322 1791 1490 1854 sententiae
1502 1793 1605 1872 expri-

74 1884 156 1962 edus
167 1903 222 1964 per
246 1902 386 1946 errorem
406 1885 469 1946 dati
486 1884 628 1966 repetiti0
647 1887 703 1960 eat,
719 1881 786 1962 ejus
837 1881 905 1956 mit,
917 1899 953 1942 ee
966 1881 1161 1962 potissimum
1175 1885 1354 1965 excipiatur,
1366 1903 1436 1966 quse
1448 1885 1607 1965 reigeren-

41 1977 158 2038 consulto
171 1977 236 2038 dati
249 1977 375 2039 donatio
389 1983 443 2040 est.
837 1973 1069 2054 despuerat.

70 2069 126 2132 LV.
144 2069 287 2152 IIIpe‘anus
298 2068 375 2132 In'dro
387 2067 698 2150 quadrupesimo-serto
709 2067 749 2130 ad
898 2067 1011 2128 LXIX.
1026 2066 1156 2130 Paullus
1170 2067 1248 2130 libro
1261 2066 1411 2150 sinpnIari
1420 2067 1458 2130 de
1470 2067 1547 2132 datis

322 2161 475 2225 Edictum.
1133 2161 1315 2242 repetitione.

69 2253 155 2316 Nemo
166 2255 237 2336 plus
246 2254 328 2334 juris
340 2255 381 2316 ad
394 2255 491 2318 alium
499 2254 783 2335 nondumpotest,
880 2251 917 2311 ln
940 2251 1086 2314 omnibus
1103 2254 1217 2314 massis
1235 2253 1267 2315 id
1289 2253 1480 2328 observatur,
1505 2261 1536 2316 et
1554 2255 1608 2316 ubi

37 2363 116 2424 pam
129 2345 192 2427 ipse
204 2347 345 2410 haberet.
839 2360 980 2424 personae
1004 2345 1137 2422 eonditio
1162 2346 1265 2424 laeum
1290 2346 1362 2408 lenit
1379 2345 1539 2424 benefitio,
1564 2348 1608 2409 ibi

52 2438 121 2502 LVI.
142 2438 233 2522 Cajm
249 2437 324 2500 libro
345 2437 465 2502 seeundo
484 2438 518 2500 de
540 2438 715 2501 testamentis
727 2437 767 2500 ad
839 2435 999 2498 definiente
1025 2457 1072 2516 ea,
1107 2438 1293 2501 beneficium
1324 2457 1448 2520 quoque
1472 2440 1605 2502 definiat.

244 2531 389 2594 Edictum
404 2531 549 2594 urbicum.
840 2527 900 2590 Ubi
917 2547 991 2590 vero
1011 2548 1110 2609 genus
1124 2529 1252 2595 aetionis
1271 2532 1304 2592 id
1318 2533 1481 2611 desiderat,
1496 2533 1551 2608 ibi,
1567 2533 1608 2594 ad

66 2623 166 2686 Nullus
187 2625 312 2687 videtur
334 2625 537 2703 damiatem,
561 2625 616 2706 qui
638 2643 695 2686 suo
715 2625 786 2704 jure
839 2621 981 2700 quemvis
1003 2623 1175 2703 perseeutio
1189 2625 1256 2704 ejus
1267 2625 1436 2696 devenerit,
1453 2645 1518 2688 non
1533 2625 1607 2688 defi·

22 2716 122 2782 ,utitur
840 2714 1122 2804 oistmdoauxilii.

31 2807 114 2870 LVII.
130 2807 212 2872 Idem
226 2807 303 2871 libro
325 2809 409 2872 testib
419 2807 454 2871 de
473 2809 577 2890 Iepatis
592 2807 632 2870 ad
645 2807 786 2872 Edictum
870 2805 968 2868 lXX.
989 2807 1070 2870 Idem
1085 2809 1164 2871 libro
1176 2808 1326 2891 n'npnlari
1335 2807 1370 2872 de
1382 2809 1578 2894 assignatione

326 2900 470 2963 urbienm.
1126 2899 1311 2964 libertorum.

63 2993 187 3074 Semper
212 2995 247 3056 in
272 2993 374 3056 dubiis
393 2993 578 3074 benigniora
597 2993 789 3074 praeferenda
880 2991 976 3052 Invito
989 2991 1175 3055 beneficium
1188 3013 1253 3056 non
1267 2995 1369 3056 datur.

26 3091 99 3146 sant
908 3085 1020 3146 LXXI.
1037 3085 1182 3168 Ulpianus
1190 3085 1267 3148 libro
1275 3088 1377 3168 prz'mo
1385 3085 1421 3148 de
1436 3086 1544 3169 Officio

26 3177 130 3240 LVIII.
153 3178 240 3240 Idem
259 3177 333 3240 Iibro
352 3176 576 3240 octavo-decimo
593 3176 787 3240 adEdieInm
1124 3177 1320 3241 Proconsulis.

300 3269 499 3334 Provinciam.
879 3269 976 3329 Nemo
990 3273 1090 3349 potest
1103 3271 1198 3350 gladii
1216 3277 1398 3352 potestatem
1418 3272 1477 3334 aidi
1491 3273 1606 3349 datam,

58 3363 140 3425 Bona
148 3363 230 3426 fides
236 3363 434 3442 ampetitur,
443 3362 532 3424 utbis
545 3361 784 3442 idemexigutur.
840 3360 890 3421 vel
903 3361 990 3440 eujus
1002 3362 1127 3424 alterius
1139 3363 1340 3435 noereitionis,
1353 3365 1393 3426 ad
1407 3365 1503 3426 alium
1510 3367 1609 3426 uaris-

23 3453 125 3517 LVIX.
148 3455 301 3537 UIpianne
313 3453 389 3516 libro
398 3453 520 3516 seeundo
530 3455 784 3536 disputationum.
840 3452 932 3514 ierne.

57 3548 98 3608 Ex
111 3547 292 3629 paenalibus
305 3547 418 3608 nauseis
439 3566 505 3608 non
517 3547 596 3608 solet
612 3547 646 3608 in
668 3552 788 3627 patrem
912 3545 1042 3608 LXXII.
1057 3545 1140 3608 Idem
1152 3547 1228 3609 libro
1241 3547 1362 3610 seeundo
1375 3547 1410 3610 de
1426 3547 1535 3631 Officio

13 3637 383 3720 ,demonioso-nodari.
1132 3640 1318 3702 Proconsulis

73 3734 139 3795 LX.
165 3733 252 3795 Idem
266 3731 343 3792 libro
360 3730 459 3792 Tertio
472 3729 728 3814 disputationum.
882 3730 994 3791 Omnia
1019 3729 1243 3814 (quecumque)
1268 3749 1382 3794 musam
1402 3731 1610 3812 cognitionem

53 3825 222 3888 Ilaeredem
234 3825 374 3904 ejusdem
394 3823 564 3903 potestatis,
572 3823 715 3903 jurisque
724 3838 789 3884 esse
842 3822 1027 3899 desiderant,
1049 3839 1106 3903 per
1127 3823 1265 3886 libeIIum
1292 3823 1429 3906 expedIri
1451 3841 1516 3886 nou
1543 3841 1611 3904 poe·

17 3917 100 3997 eujus
113 3918 175 3980 tait
190 3918 366 3990 damnatus,
383 3921 511 3992 eonstat.
841 3920 925 3975 sunt.

65 4010 149 4072 LXI.
164 4010 253 4073 Idem
269 4007 349 4070 libro
361 4007 472 4070 maimo
485 4006 740 4088 disputationum.
840 4007 991 4067 LXXIII.
1013 4005 1168 4068 Iavolenne
1189 4007 1266 4070 Iidm
1287 4008 1374 4070 tertio
1387 4025 1425 4068 ee
1436 4005 1611 4088 'posteriori-

52 4104 187 4184 Semper
209 4101 265 4182 qui
283 4121 348 4163 non
367 4100 511 4182 prohihet
530 4119 588 4181 pro
603 4119 635 4162 se
656 4101 789 4163 interve·
1118 4099 1169 4159 dns
1182 4099 1332 4164 Labeonis.

13 4193 89 4272 taire,
105 4195 265 4259 mandare
276 4194 421 4256 ereditur.
436 4193 497 4254 Sed
510 4199 541 4254 et
554 4194 581 4256 si
599 4194 668 4273 quis
687 4199 790 4255 ratrrm
881 4191 1011 4254 Fruatus
1022 4191 1067 4252 rei
1081 4197 1137 4267 est,
1151 4191 1201 4253 vel
1215 4193 1338 4272 pIgnori
1352 4195 1425 4256 dare
1436 4193 1540 4256 liuere.

13 4283 160 4350 babuerit
175 4285 399 4368 quongestum
414 4291 471 4362 eat,
488 4285 689 4364 obstringitur
703 4305 791 4348 man·
901 4284 1047 4344 LXXIV.
1066 4281 1192 4359 Onintm
1204 4284 1324 4347 Mneim
1337 4284 1467 4349 Seoevole
1484 4281 1559 4348 Iidro

13 4375 74 4442 dati
86 4381 232 4443 notione.
1147 4375 1305 4457 n'npnleri.

98 4473 201 4538 LXII.
219 4470 302 4535 Idem
312 4469 391 4533 libro
405 4471 493 4532 tertio
508 4470 698 4552 Opinionem,
880 4467 948 4541 Quo
971 4467 1069 4530 tutela
1094 4467 1183 4545 redit,
1211 4487 1247 4530 eo
1271 4469 1436 4532 hereditas
1459 4475 1609 4552 pervenit,

48 4565 201 4628 Domum
211 4582 300 4628 suam
314 4563 617 4642 refioereuniouique
625 4563 706 4639 lieet,
716 4563 792 4624 dum
841 4559 901 4620 nisi
928 4577 1000 4620 aum
1028 4559 1153 4621 femine
1181 4561 1321 4623 haeredes
1350 4559 1547 4625 intercedunt
1581 4568 1608 4626 l.

13 4673 73 4719 non
97 4658 226 4720 officiat
250 4655 350 4718 invito
369 4656 468 4733 alteri,
491 4657 526 4718 in
545 4657 629 4736 quod
651 4655 704 4736 jus
727 4673 793 4716 non
840 4653 939 4714 Nemo
958 4656 1059 4733 potest
1078 4657 1214 4714 tutorem
1235 4653 1309 4716 dare
1322 4655 1477 4735 cuiquam,
1495 4657 1555 4718 alsi
1570 4657 1609 4736 ei,

13 4745 113 4814 tabet,
841 4745 1245 4825 queminsuisheeredibus‚
1255 4747 1478 4826 commoritur,
1489 4747 1609 4826 hebuit,

65 4845 186 4906 LXIII.
203 4843 345 4906 Iulianus
358 4841 435 4904 libro
447 4841 731 4922 seetoIltpestmnm.
840 4835 1042 4898 habiturusve
1055 4843 1145 4911 esset,
1164 4839 1191 4898 ei
1203 4838 1337 4900 vthsset.
1354 4841 1385 4902 2.
1401 4841 1442 4900 vi
1454 4841 1569 4902 fantum
1579 4840 1613 4903 id

43 4935 234 4998 Hereditas
258 4935 337 4996 nihil
359 4933 444 4996 aliud
462 4938 518 5009 est,
534 4949 629 5012 quam
644 4930 792 5000 sumessio
841 4929 1052 5006 videturesse,
1068 4949 1131 5009 quo
1144 4929 1183 4992 de
1197 4947 1231 4991 re
1246 4932 1316 5010 quis
1330 4950 1403 4993 eum
1417 4933 1609 5012 prohibetur,

13 5045 38 5088 u
50 5027 321 5106 universumjus,
337 5026 421 5108 quod
434 5025 598 5086 defrenatur
609 5023 765 5086 babuerit.
842 5021 923 5099 lenit,
939 5023 1018 5084 olam
1032 5022 1115 5102 quod
1138 5021 1268 5103 quisque
1285 5041 1357 5085 oum
1371 5023 1612 5086 oonuovereiam

13 5117 113 5184 ΒΝ.
129 5117 225 5183 Idem
238 5117 314 5180 libro
329 5115 575 5200 septimo-decimo
592 5116 791 5198 Dipestorum.
841 5113 978 5189 baberet,
1007 5114 1225 5176 habIturumve
1250 5134 1282 5176 se
1308 5121 1440 5196 putaret,
1466 5115 1548 5192 feeit,
1579 5119 1609 5177 3.

42 5213 107 5286 Qui
122 5213 203 5273 sine
221 5210 292 5271 dolo
309 5211 390 5271 malo
410 5210 449 5270 ad
467 5209 622 5288 judiqurn
635 5211 793 5289 provocat,
843 5207 919 5272 Quae
953 5205 988 5266 in
1024 5210 1209 5268 testamento
1238 5207 1284 5268 ita
1308 5213 1382 5268 sunt
1412 5207 1541 5288 seriptat,
1575 5213 1612 5268 ut

13 5304 361 5367 eonvideturmoram
374 5301 485 5362 meere.
842 5296 974 5376 intelligi
1002 5315 1067 5358 non
1092 5303 1232 5379 possunt,
1255 5299 1383 5378 perinde
1413 5298 1611 5370 santensi

19 5395 123 5457 LXV.
142 5392 237 5457 Idem
251 5393 328 5454 libro
341 5392 774 5474 nipesImwmnode'pestomm.
844 5389 955 5469 scripta
974 5407 1039 5450 non
1064 5394 1177 5452 essent.
1206 5391 1236 5450 I.
1261 5391 1324 5451 Neo
1347 5389 1538 5470 paoiseendo,
1554 5404 1613 5452 nee

41 5489 89 5551 Ea
103 5505 191 5569 quaro
207 5503 279 5548 raro
292 5485 445 5558 amidam,
460 5485 798 5562 nontamereinagen-
843 5481 945 5560 legem
967 5479 1109 5557 disemo,
1137 5497 1195 5542 neo
1227 5477 1412 5560 stipulando,
1447 5479 1610 5560 qtiisqnsm

13 5579 459 5661 danegotiisoomputeutur.
844 5571 934 5635 alteri
946 5577 1177 5652 aarerepotest.
