<?xml version="1.0" encoding="UTF-8"?>
<!DOCTYPE html PUBLIC "-//W3C//DTD XHTML 1.0 Transitional//EN"
    "http://www.w3.org/TR/xhtml1/DTD/xhtml1-transitional.dtd">
<html xmlns="http://www.w3.org/1999/xhtml" xml:lang="en" lang="en">
 <head>
  <title>
</title>
<meta http-equiv="Content-Type" content="text/html;charset=utf-8" />
  <meta name='ocr-system' content='tesseract 3.04.00' />
  <meta name='ocr-capabilities' content='ocr_page ocr_carea ocr_par ocr_line ocrx_word'/>
</head>
<body>
  <div class='ocr_page' id='page_1' title='image "./theologiamorali00busegoog_0482.png"; bbox 0 0 3944 6350; ppageno 0'>
   <div class='ocr_carea' id='block_1_1' title="bbox 332 439 1397 506">
    <p class='ocr_par' dir='ltr' id='par_1_1' title="bbox 332 439 1397 506">
     <span class='ocr_line' id='line_1_1' title="bbox 332 439 1397 506; baseline -0.005 -1"><span class='ocrx_word' id='word_1_1' title='bbox 332 447 391 506; x_wconf 76' lang='grc'>474</span> <span class='ocrx_word' id='word_1_2' title='bbox 851 442 963 503; x_wconf 87' lang='lat' dir='ltr'>LIBER</span> <span class='ocrx_word' id='word_1_3' title='bbox 985 439 1129 503; x_wconf 82' lang='lat' dir='ltr'>PRIMUS</span> <span class='ocrx_word' id='word_1_4' title='bbox 1151 441 1202 502; x_wconf 89' lang='lat' dir='ltr'>DE</span> <span class='ocrx_word' id='word_1_5' title='bbox 1222 439 1397 501; x_wconf 86' lang='lat' dir='ltr'>LEGIBUS.</span> 
     </span>
    </p>
   </div>
   <div class='ocr_carea' id='block_1_2' title="bbox 220 601 1953 3456">
    <p class='ocr_par' dir='ltr' id='par_1_2' title="bbox 220 601 1953 3456">
     <span class='ocr_line' id='line_1_2' title="bbox 332 601 1883 691; baseline -0.007 -19"><span class='ocrx_word' id='word_1_6' title='bbox 332 613 394 691; x_wconf 92' lang='lat' dir='ltr'>pho</span> <span class='ocrx_word' id='word_1_7' title='bbox 409 611 491 672; x_wconf 88' lang='lat' dir='ltr'>illius</span> <span class='ocrx_word' id='word_1_8' title='bbox 513 611 606 690; x_wconf 85' lang='lat' dir='ltr'>legis,</span> <span class='ocrx_word' id='word_1_9' title='bbox 622 612 676 691; x_wconf 86' lang='lat' dir='ltr'>qui</span> <span class='ocrx_word' id='word_1_10' title='bbox 699 610 824 689; x_wconf 79' lang='lat' dir='ltr'>Incipit,</span> <span class='ocrx_word' id='word_1_11' title='bbox 851 607 1049 689; x_wconf 75' lang='lat' dir='ltr'>differentia,</span> <span class='ocrx_word' id='word_1_12' title='bbox 1065 609 1100 667; x_wconf 91' lang='lat' dir='ltr'>in</span> <span class='ocrx_word' id='word_1_13' title='bbox 1152 605 1229 668; x_wconf 84' lang='lat' dir='ltr'>Nou.</span> <span class='ocrx_word' id='word_1_14' title='bbox 1246 609 1314 674; x_wconf 83' lang='lat' dir='ltr'>rea,</span> <span class='ocrx_word' id='word_1_15' title='bbox 1326 605 1361 666; x_wconf 91' lang='lat' dir='ltr'>de</span> <span class='ocrx_word' id='word_1_16' title='bbox 1376 605 1548 680; x_wconf 73' lang='lat' dir='ltr'>Samarites,</span> <span class='ocrx_word' id='word_1_17' title='bbox 1562 603 1624 667; x_wconf 89' lang='lat' dir='ltr'>Col.</span> <span class='ocrx_word' id='word_1_18' title='bbox 1637 605 1667 664; x_wconf 83' lang='lat' dir='ltr'>e.</span> <span class='ocrx_word' id='word_1_19' title='bbox 1682 602 1713 662; x_wconf 92' lang='lat' dir='ltr'>id</span> <span class='ocrx_word' id='word_1_20' title='bbox 1731 608 1784 674; x_wconf 86' lang='lat' dir='ltr'>cst,</span> <span class='ocrx_word' id='word_1_21' title='bbox 1799 601 1883 680; x_wconf 85' lang='lat' dir='ltr'>capite,</span> 
     </span>
     <span class='ocr_line' id='line_1_3' title="bbox 335 692 1886 782; baseline -0.007 -18"><span class='ocrx_word' id='word_1_22' title='bbox 335 705 472 782; x_wconf 84' lang='lat' dir='ltr'>Digestis,</span> <span class='ocrx_word' id='word_1_23' title='bbox 497 704 600 765; x_wconf 84' lang='lat' dir='ltr'>&#39;Iitulo</span> <span class='ocrx_word' id='word_1_24' title='bbox 624 704 661 764; x_wconf 88' lang='lat' dir='ltr'>de</span> <span class='ocrx_word' id='word_1_25' title='bbox 686 702 875 782; x_wconf 82' lang='lat' dir='ltr'>acqrrirenda</span> <span class='ocrx_word' id='word_1_26' title='bbox 897 701 1097 781; x_wconf 80' lang='lat' dir='ltr'>possessione.</span> <span class='ocrx_word' id='word_1_27' title='bbox 1150 699 1233 778; x_wconf 88' lang='lat' dir='ltr'>quod</span> <span class='ocrx_word' id='word_1_28' title='bbox 1261 698 1380 778; x_wconf 78' lang='lat' dir='ltr'>Incipit,</span> <span class='ocrx_word' id='word_1_29' title='bbox 1406 697 1466 760; x_wconf 88' lang='lat' dir='ltr'>Sed</span> <span class='ocrx_word' id='word_1_30' title='bbox 1493 705 1612 772; x_wconf 83' lang='lat' dir='ltr'>tamen,</span> <span class='ocrx_word' id='word_1_31' title='bbox 1641 692 1886 762; x_wconf 65' lang='lat' dir='ltr'>damantionem</span> 
     </span>
     <span class='ocr_line' id='line_1_4' title="bbox 372 785 1886 876; baseline -0.008 -19"><span class='ocrx_word' id='word_1_32' title='bbox 372 795 453 858; x_wconf 83' lang='lat' dir='ltr'>Para</span> <span class='ocrx_word' id='word_1_33' title='bbox 474 801 504 857; x_wconf 81' lang='lat'>3.</span> <span class='ocrx_word' id='word_1_34' title='bbox 525 797 576 856; x_wconf 85' lang='lat' dir='ltr'>Est</span> <span class='ocrx_word' id='word_1_35' title='bbox 599 797 700 856; x_wconf 83' lang='lat' dir='ltr'>Codex</span> <span class='ocrx_word' id='word_1_36' title='bbox 722 813 820 856; x_wconf 93' lang='lat' dir='ltr'>novus</span> <span class='ocrx_word' id='word_1_37' title='bbox 836 793 928 876; x_wconf 81' lang='lat' dir='ltr'>(nam</span> <span class='ocrx_word' id='word_1_38' title='bbox 949 798 1022 853; x_wconf 87' lang='lat' dir='ltr'>ante</span> <span class='ocrx_word' id='word_1_39' title='bbox 1043 793 1102 853; x_wconf 87' lang='lat' dir='ltr'>hac</span> <span class='ocrx_word' id='word_1_40' title='bbox 1150 791 1278 852; x_wconf 87' lang='lat' dir='ltr'>Novella</span> <span class='ocrx_word' id='word_1_41' title='bbox 1295 793 1364 851; x_wconf 68' lang='lat'>129.</span> <span class='ocrx_word' id='word_1_42' title='bbox 1385 791 1490 850; x_wconf 80' lang='lat' dir='ltr'>&#39;Pindo</span> <span class='ocrx_word' id='word_1_43' title='bbox 1504 791 1542 850; x_wconf 86' lang='lat' dir='ltr'>de</span> <span class='ocrx_word' id='word_1_44' title='bbox 1558 787 1729 858; x_wconf 77' lang='lat' dir='ltr'>samaritis,</span> <span class='ocrx_word' id='word_1_45' title='bbox 1757 785 1886 845; x_wconf 82' lang='lat' dir='ltr'>collatione</span> 
     </span>
     <span class='ocr_line' id='line_1_5' title="bbox 333 877 1888 968; baseline -0.007 -19"><span class='ocrx_word' id='word_1_46' title='bbox 333 889 392 950; x_wconf 84' lang='lat' dir='ltr'>ruit</span> <span class='ocrx_word' id='word_1_47' title='bbox 405 889 551 968; x_wconf 83' lang='lat' dir='ltr'>antiquus</span> <span class='ocrx_word' id='word_1_48' title='bbox 569 889 669 948; x_wconf 89' lang='lat' dir='ltr'>dictus</span> <span class='ocrx_word' id='word_1_49' title='bbox 687 887 908 962; x_wconf 79' lang='lat' dir='ltr'>iustinianeus,</span> <span class='ocrx_word' id='word_1_50' title='bbox 924 887 980 965; x_wconf 89' lang='lat' dir='ltr'>qui</span> <span class='ocrx_word' id='word_1_51' title='bbox 994 903 1100 946; x_wconf 89' lang='lat' dir='ltr'>emen·</span> <span class='ocrx_word' id='word_1_52' title='bbox 1150 903 1245 945; x_wconf 87' lang='lat' dir='ltr'>nona.</span> <span class='ocrx_word' id='word_1_53' title='bbox 1261 885 1323 944; x_wconf 93' lang='lat' dir='ltr'>Pro</span> <span class='ocrx_word' id='word_1_54' title='bbox 1338 884 1449 944; x_wconf 90' lang='lat' dir='ltr'>Edictis</span> <span class='ocrx_word' id='word_1_55' title='bbox 1462 879 1633 944; x_wconf 81' lang='lat' dir='ltr'>Justr‘nr&#39;anr&#39;</span> <span class='ocrx_word' id='word_1_56' title='bbox 1644 877 1888 958; x_wconf 86' lang='lat' dir='ltr'>apponiturlittera</span> 
     </span>
     <span class='ocr_line' id='line_1_6' title="bbox 333 968 1953 1062; baseline -0.009 -20"><span class='ocrx_word' id='word_1_57' title='bbox 333 983 423 1042; x_wconf 81' lang='lat' dir='ltr'>(latus</span> <span class='ocrx_word' id='word_1_58' title='bbox 443 981 518 1062; x_wconf 77' lang='lat' dir='ltr'>fuit)</span> <span class='ocrx_word' id='word_1_59' title='bbox 540 987 682 1043; x_wconf 81' lang='lat' dir='ltr'>constans</span> <span class='ocrx_word' id='word_1_60' title='bbox 720 983 757 1041; x_wconf 72' lang='lat' dir='ltr'>lt</span> <span class='ocrx_word' id='word_1_61' title='bbox 777 980 864 1040; x_wconf 88' lang='lat' dir='ltr'>libris</span> <span class='ocrx_word' id='word_1_62' title='bbox 879 981 913 1040; x_wconf 90' lang='lat' dir='ltr'>in</span> <span class='ocrx_word' id='word_1_63' title='bbox 927 979 1046 1051; x_wconf 76' lang='lat' dir='ltr'>titulae,</span> <span class='ocrx_word' id='word_1_64' title='bbox 1072 982 1102 1038; x_wconf 88' lang='lat' dir='ltr'>et</span> <span class='ocrx_word' id='word_1_65' title='bbox 1151 977 1185 1051; x_wconf 93' lang='lat' dir='ltr'>E,</span> <span class='ocrx_word' id='word_1_66' title='bbox 1203 981 1233 1037; x_wconf 90' lang='lat' dir='ltr'>et</span> <span class='ocrx_word' id='word_1_67' title='bbox 1246 993 1396 1037; x_wconf 88' lang='lat' dir='ltr'>numerus</span> <span class='ocrx_word' id='word_1_68' title='bbox 1410 973 1556 1054; x_wconf 85' lang='lat' dir='ltr'>CapiruII;</span> <span class='ocrx_word' id='word_1_69' title='bbox 1573 973 1634 1034; x_wconf 88' lang='lat' dir='ltr'>Pro</span> <span class='ocrx_word' id='word_1_70' title='bbox 1646 969 1778 1032; x_wconf 83' lang='lat' dir='ltr'>Novellls</span> <span class='ocrx_word' id='word_1_71' title='bbox 1790 968 1886 1046; x_wconf 75' lang='lat' dir='ltr'>inlini,</span> <span class='ocrx_word' id='word_1_72' title='bbox 1952 1047 1953 1050; x_wconf 8' lang='grc' dir='ltr'><strong>Ἴ</strong></span> 
     </span>
     <span class='ocr_line' id='line_1_7' title="bbox 332 1061 1953 1153; baseline -0.008 -19"><span class='ocrx_word' id='word_1_73' title='bbox 332 1074 415 1153; x_wconf 85' lang='lat' dir='ltr'>leges</span> <span class='ocrx_word' id='word_1_74' title='bbox 429 1074 609 1150; x_wconf 71' lang='lat' dir='ltr'>distributis,</span> <span class='ocrx_word' id='word_1_75' title='bbox 622 1091 756 1153; x_wconf 87' lang='lat' dir='ltr'>quorum</span> <span class='ocrx_word' id='word_1_76' title='bbox 764 1079 828 1134; x_wconf 88' lang='lat' dir='ltr'>tres</span> <span class='ocrx_word' id='word_1_77' title='bbox 841 1071 991 1152; x_wconf 88' lang='lat' dir='ltr'>posterior</span> <span class='ocrx_word' id='word_1_78' title='bbox 1002 1089 1103 1150; x_wconf 84' lang='lat' dir='ltr'>quan·</span> <span class='ocrx_word' id='word_1_79' title='bbox 1150 1067 1260 1130; x_wconf 82' lang='lat' dir='ltr'>liitorae</span> <span class='ocrx_word' id='word_1_80' title='bbox 1274 1069 1312 1128; x_wconf 91' lang='lat' dir='ltr'>N.</span> <span class='ocrx_word' id='word_1_81' title='bbox 1328 1069 1358 1128; x_wconf 88' lang='lat' dir='ltr'>J.</span> <span class='ocrx_word' id='word_1_82' title='bbox 1376 1070 1438 1128; x_wconf 91' lang='lat' dir='ltr'>Pro</span> <span class='ocrx_word' id='word_1_83' title='bbox 1452 1067 1588 1128; x_wconf 88' lang='lat' dir='ltr'>Novellis</span> <span class='ocrx_word' id='word_1_84' title='bbox 1601 1065 1733 1138; x_wconf 80' lang='lat' dir='ltr'>Leonis,</span> <span class='ocrx_word' id='word_1_85' title='bbox 1754 1063 1791 1122; x_wconf 90' lang='lat' dir='ltr'>N.</span> <span class='ocrx_word' id='word_1_86' title='bbox 1804 1063 1833 1122; x_wconf 93' lang='lat' dir='ltr'>L.</span> <span class='ocrx_word' id='word_1_87' title='bbox 1846 1063 1887 1122; x_wconf 84' lang='lat' dir='ltr'>Pro</span> <span class='ocrx_word' id='word_1_88' title='bbox 1952 1061 1953 1068; x_wconf 74' lang='grc'>’</span> 
     </span>
     <span class='ocr_line' id='line_1_8' title="bbox 333 1153 1887 1247; baseline -0.007 -20"><span class='ocrx_word' id='word_1_89' title='bbox 333 1167 434 1246; x_wconf 84' lang='lat' dir='ltr'>doque</span> <span class='ocrx_word' id='word_1_90' title='bbox 454 1168 619 1247; x_wconf 84' lang='lat' dir='ltr'>separatim</span> <span class='ocrx_word' id='word_1_91' title='bbox 642 1166 893 1246; x_wconf 89' lang='lat' dir='ltr'>compinguntur,</span> <span class='ocrx_word' id='word_1_92' title='bbox 912 1169 943 1225; x_wconf 87' lang='lat' dir='ltr'>et</span> <span class='ocrx_word' id='word_1_93' title='bbox 956 1164 1103 1224; x_wconf 87' lang='lat' dir='ltr'>dicuntur</span> <span class='ocrx_word' id='word_1_94' title='bbox 1152 1160 1429 1221; x_wconf 78' lang='lat' dir='ltr'>constitutionibus</span> <span class='ocrx_word' id='word_1_95' title='bbox 1450 1158 1669 1239; x_wconf 88' lang='lat' dir='ltr'>Imperatoriis,</span> <span class='ocrx_word' id='word_1_96' title='bbox 1687 1157 1722 1217; x_wconf 85' lang='lat' dir='ltr'>C.</span> <span class='ocrx_word' id='word_1_97' title='bbox 1742 1155 1768 1215; x_wconf 96' lang='lat' dir='ltr'>I.</span> <span class='ocrx_word' id='word_1_98' title='bbox 1784 1153 1887 1233; x_wconf 83' lang='lat' dir='ltr'>Reliqua</span> 
     </span>
     <span class='ocr_line' id='line_1_9' title="bbox 334 1248 1801 1339; baseline -0.006 -22"><span class='ocrx_word' id='word_1_99' title='bbox 334 1259 503 1328; x_wconf 89' lang='lat' dir='ltr'>Volumen,</span> <span class='ocrx_word' id='word_1_100' title='bbox 520 1263 560 1319; x_wconf 87' lang='lat' dir='ltr'>Et</span> <span class='ocrx_word' id='word_1_101' title='bbox 572 1277 629 1339; x_wconf 92' lang='lat' dir='ltr'>pro</span> <span class='ocrx_word' id='word_1_102' title='bbox 645 1259 756 1320; x_wconf 84' lang='lat' dir='ltr'>Codice</span> <span class='ocrx_word' id='word_1_103' title='bbox 770 1259 851 1318; x_wconf 90' lang='lat' dir='ltr'>fiunt</span> <span class='ocrx_word' id='word_1_104' title='bbox 864 1257 1023 1317; x_wconf 87' lang='lat' dir='ltr'>citatIones</span> <span class='ocrx_word' id='word_1_105' title='bbox 1041 1256 1103 1335; x_wconf 92' lang='lat' dir='ltr'>ple·</span> <span class='ocrx_word' id='word_1_106' title='bbox 1150 1254 1202 1313; x_wconf 85' lang='lat' dir='ltr'>vix</span> <span class='ocrx_word' id='word_1_107' title='bbox 1216 1254 1364 1328; x_wconf 87' lang='lat' dir='ltr'>citantur,</span> <span class='ocrx_word' id='word_1_108' title='bbox 1378 1252 1428 1313; x_wconf 87' lang='lat' dir='ltr'>vel</span> <span class='ocrx_word' id='word_1_109' title='bbox 1441 1253 1659 1332; x_wconf 82' lang='lat' dir='ltr'>exprimuntur</span> <span class='ocrx_word' id='word_1_110' title='bbox 1671 1248 1801 1326; x_wconf 85' lang='lat' dir='ltr'>longius.</span> 
     </span>
     <span class='ocr_line' id='line_1_10' title="bbox 333 1339 1886 1431; baseline -0.008 -20"><span class='ocrx_word' id='word_1_111' title='bbox 333 1369 467 1431; x_wconf 90' lang='lat' dir='ltr'>rumque</span> <span class='ocrx_word' id='word_1_112' title='bbox 485 1369 541 1431; x_wconf 90' lang='lat' dir='ltr'>per</span> <span class='ocrx_word' id='word_1_113' title='bbox 564 1352 766 1430; x_wconf 80' lang='lat' dir='ltr'>majusculam</span> <span class='ocrx_word' id='word_1_114' title='bbox 792 1351 927 1410; x_wconf 83' lang='lat' dir='ltr'>litteram</span> <span class='ocrx_word' id='word_1_115' title='bbox 951 1350 985 1408; x_wconf 84' lang='lat' dir='ltr'>C.</span> <span class='ocrx_word' id='word_1_116' title='bbox 1009 1350 1102 1408; x_wconf 90' lang='lat' dir='ltr'>Porro</span> <span class='ocrx_word' id='word_1_117' title='bbox 1191 1344 1269 1406; x_wconf 88' lang='lat' dir='ltr'>Pars</span> <span class='ocrx_word' id='word_1_118' title='bbox 1296 1346 1327 1405; x_wconf 82' lang='lat'>5.</span> <span class='ocrx_word' id='word_1_119' title='bbox 1354 1345 1435 1405; x_wconf 85' lang='lat' dir='ltr'>Sunt</span> <span class='ocrx_word' id='word_1_120' title='bbox 1463 1344 1639 1404; x_wconf 86' lang='lat' dir='ltr'>Feudorum</span> <span class='ocrx_word' id='word_1_121' title='bbox 1662 1339 1886 1416; x_wconf 82' lang='lat' dir='ltr'>consuetudiees,</span> 
     </span>
     <span class='ocr_line' id='line_1_11' title="bbox 333 1431 1887 1524; baseline -0.009 -20"><span class='ocrx_word' id='word_1_122' title='bbox 333 1443 424 1524; x_wconf 92' lang='lat' dir='ltr'>primi</span> <span class='ocrx_word' id='word_1_123' title='bbox 440 1446 459 1504; x_wconf 79' lang='lat'>9</span> <span class='ocrx_word' id='word_1_124' title='bbox 483 1444 554 1504; x_wconf 91' lang='lat' dir='ltr'>libri</span> <span class='ocrx_word' id='word_1_125' title='bbox 569 1445 703 1504; x_wconf 89' lang='lat' dir='ltr'>citantur</span> <span class='ocrx_word' id='word_1_126' title='bbox 718 1444 782 1504; x_wconf 88' lang='lat' dir='ltr'>sinc</span> <span class='ocrx_word' id='word_1_127' title='bbox 796 1442 916 1515; x_wconf 84' lang='lat' dir='ltr'>addito;</span> <span class='ocrx_word' id='word_1_128' title='bbox 933 1459 989 1520; x_wconf 91' lang='lat' dir='ltr'>pro</span> <span class='ocrx_word' id='word_1_129' title='bbox 1002 1441 1103 1501; x_wconf 88' lang='lat' dir='ltr'>tribus</span> <span class='ocrx_word' id='word_1_130' title='bbox 1152 1456 1222 1516; x_wconf 85' lang='lat' dir='ltr'>quae</span> <span class='ocrx_word' id='word_1_131' title='bbox 1244 1442 1387 1497; x_wconf 88' lang='lat' dir='ltr'>constant</span> <span class='ocrx_word' id='word_1_132' title='bbox 1405 1436 1526 1497; x_wconf 90' lang='lat' dir='ltr'>dnobus</span> <span class='ocrx_word' id='word_1_133' title='bbox 1544 1435 1631 1495; x_wconf 91' lang='lat' dir='ltr'>libris</span> <span class='ocrx_word' id='word_1_134' title='bbox 1653 1435 1688 1494; x_wconf 90' lang='lat' dir='ltr'>in</span> <span class='ocrx_word' id='word_1_135' title='bbox 1712 1450 1782 1493; x_wconf 90' lang='lat' dir='ltr'>suos</span> <span class='ocrx_word' id='word_1_136' title='bbox 1800 1431 1887 1507; x_wconf 85' lang='lat' dir='ltr'>tibrlos,</span> 
     </span>
     <span class='ocr_line' id='line_1_12' title="bbox 334 1525 1889 1612; baseline -0.008 -17"><span class='ocrx_word' id='word_1_137' title='bbox 334 1537 450 1596; x_wconf 84' lang='lat' dir='ltr'>ultimis</span> <span class='ocrx_word' id='word_1_138' title='bbox 472 1535 596 1598; x_wconf 86' lang='lat' dir='ltr'>addItur</span> <span class='ocrx_word' id='word_1_139' title='bbox 617 1554 767 1596; x_wconf 88' lang='lat' dir='ltr'>numerus</span> <span class='ocrx_word' id='word_1_140' title='bbox 790 1534 880 1608; x_wconf 91' lang='lat' dir='ltr'>libri,</span> <span class='ocrx_word' id='word_1_141' title='bbox 919 1532 1050 1612; x_wconf 87' lang='lat' dir='ltr'>ideoque</span> <span class='ocrx_word' id='word_1_142' title='bbox 1077 1533 1102 1593; x_wconf 91' lang='lat' dir='ltr'>si</span> <span class='ocrx_word' id='word_1_143' title='bbox 1152 1548 1187 1590; x_wconf 86' lang='lat' dir='ltr'>ao</span> <span class='ocrx_word' id='word_1_144' title='bbox 1214 1525 1422 1610; x_wconf 68' lang='lat' dir='ltr'>paragrapho&#39;s</span> <span class='ocrx_word' id='word_1_145' title='bbox 1446 1529 1569 1590; x_wconf 87' lang='lat' dir='ltr'>divisis:</span> <span class='ocrx_word' id='word_1_146' title='bbox 1590 1527 1776 1606; x_wconf 85' lang='lat' dir='ltr'>adjiciuntur</span> <span class='ocrx_word' id='word_1_147' title='bbox 1799 1526 1889 1584; x_wconf 86' lang='lat' dir='ltr'>Consti-</span> 
     </span>
     <span class='ocr_line' id='line_1_13' title="bbox 335 1618 1888 1704; baseline -0.006 -17"><span class='ocrx_word' id='word_1_148' title='bbox 335 1645 483 1688; x_wconf 89' lang='lat' dir='ltr'>numcrus</span> <span class='ocrx_word' id='word_1_149' title='bbox 503 1647 568 1690; x_wconf 92' lang='lat' dir='ltr'>non</span> <span class='ocrx_word' id='word_1_150' title='bbox 590 1629 724 1703; x_wconf 82' lang='lat' dir='ltr'>adclitur,</span> <span class='ocrx_word' id='word_1_151' title='bbox 741 1633 787 1688; x_wconf 88' lang='lat' dir='ltr'>cst</span> <span class='ocrx_word' id='word_1_152' title='bbox 805 1645 843 1687; x_wconf 83' lang='lat' dir='ltr'>cx</span> <span class='ocrx_word' id='word_1_153' title='bbox 863 1643 976 1686; x_wconf 88' lang='lat' dir='ltr'>novem</span> <span class='ocrx_word' id='word_1_154' title='bbox 994 1625 1103 1704; x_wconf 91' lang='lat' dir='ltr'>primis</span> <span class='ocrx_word' id='word_1_155' title='bbox 1152 1623 1287 1683; x_wconf 86' lang='lat' dir='ltr'>tutiones</span> <span class='ocrx_word' id='word_1_156' title='bbox 1305 1623 1448 1702; x_wconf 84' lang='lat' dir='ltr'>quaedam</span> <span class='ocrx_word' id='word_1_157' title='bbox 1470 1619 1626 1682; x_wconf 85' lang='lat' dir='ltr'>Friderici</span> <span class='ocrx_word' id='word_1_158' title='bbox 1646 1618 1694 1680; x_wconf 91' lang='lat' dir='ltr'>II.</span> <span class='ocrx_word' id='word_1_159' title='bbox 1719 1620 1796 1677; x_wconf 85' lang='lat' dir='ltr'>Item</span> <span class='ocrx_word' id='word_1_160' title='bbox 1808 1620 1888 1678; x_wconf 72' lang='lat' dir='ltr'>Estn-</span> 
     </span>
     <span class='ocr_line' id='line_1_14' title="bbox 334 1710 1889 1800; baseline -0.006 -20"><span class='ocrx_word' id='word_1_161' title='bbox 334 1721 431 1796; x_wconf 90' lang='lat' dir='ltr'>Iibris,</span> <span class='ocrx_word' id='word_1_162' title='bbox 457 1741 487 1782; x_wconf 86' lang='lat' dir='ltr'>r.</span> <span class='ocrx_word' id='word_1_163' title='bbox 508 1740 540 1800; x_wconf 86' lang='lat' dir='ltr'>g.</span> <span class='ocrx_word' id='word_1_164' title='bbox 561 1721 597 1782; x_wconf 92' lang='lat' dir='ltr'>L.</span> <span class='ocrx_word' id='word_1_165' title='bbox 615 1721 652 1782; x_wconf 88' lang='lat' dir='ltr'>ln</span> <span class='ocrx_word' id='word_1_166' title='bbox 675 1724 855 1791; x_wconf 85' lang='lat' dir='ltr'>testamento,</span> <span class='ocrx_word' id='word_1_167' title='bbox 880 1717 913 1779; x_wconf 91' lang='lat' dir='ltr'>C.</span> <span class='ocrx_word' id='word_1_168' title='bbox 930 1717 964 1778; x_wconf 89' lang='lat' dir='ltr'>de</span> <span class='ocrx_word' id='word_1_169' title='bbox 986 1726 1099 1780; x_wconf 86' lang='lat' dir='ltr'>testam.</span> <span class='ocrx_word' id='word_1_170' title='bbox 1153 1721 1315 1794; x_wconf 86' lang='lat' dir='ltr'>vagantes,</span> <span class='ocrx_word' id='word_1_171' title='bbox 1338 1735 1373 1774; x_wconf 86' lang='lat' dir='ltr'>aa</span> <span class='ocrx_word' id='word_1_172' title='bbox 1387 1714 1521 1793; x_wconf 87' lang='lat' dir='ltr'>denique</span> <span class='ocrx_word' id='word_1_173' title='bbox 1536 1713 1629 1773; x_wconf 84' lang='lat' dir='ltr'>Liber</span> <span class='ocrx_word' id='word_1_174' title='bbox 1651 1713 1689 1772; x_wconf 90' lang='lat' dir='ltr'>de</span> <span class='ocrx_word' id='word_1_175' title='bbox 1703 1711 1790 1771; x_wconf 86' lang='lat' dir='ltr'>Pace.</span> <span class='ocrx_word' id='word_1_176' title='bbox 1809 1710 1889 1771; x_wconf 79' lang='lat' dir='ltr'>ditatio</span> 
     </span>
     <span class='ocr_line' id='line_1_15' title="bbox 334 1801 1888 1894; baseline -0.006 -22"><span class='ocrx_word' id='word_1_177' title='bbox 334 1814 443 1890; x_wconf 89' lang='lat' dir='ltr'>idest,</span> <span class='ocrx_word' id='word_1_178' title='bbox 471 1815 564 1893; x_wconf 88' lang='lat' dir='ltr'>Lege,</span> <span class='ocrx_word' id='word_1_179' title='bbox 587 1832 657 1894; x_wconf 86' lang='lat' dir='ltr'>quea</span> <span class='ocrx_word' id='word_1_180' title='bbox 673 1814 795 1892; x_wconf 84' lang='lat' dir='ltr'>incipit,</span> <span class='ocrx_word' id='word_1_181' title='bbox 819 1809 856 1871; x_wconf 92' lang='lat' dir='ltr'>ln</span> <span class='ocrx_word' id='word_1_182' title='bbox 875 1818 1055 1888; x_wconf 81' lang='lat' dir='ltr'>testamento,</span> <span class='ocrx_word' id='word_1_183' title='bbox 1071 1811 1103 1871; x_wconf 85' lang='lat' dir='ltr'>in</span> <span class='ocrx_word' id='word_1_184' title='bbox 1154 1808 1190 1868; x_wconf 86' lang='lat' dir='ltr'>fir</span> <span class='ocrx_word' id='word_1_185' title='bbox 1203 1808 1261 1868; x_wconf 92' lang='lat' dir='ltr'>hoc</span> <span class='ocrx_word' id='word_1_186' title='bbox 1274 1807 1388 1882; x_wconf 82' lang='lat' dir='ltr'>mod03</span> <span class='ocrx_word' id='word_1_187' title='bbox 1415 1805 1450 1866; x_wconf 84' lang='lat' dir='ltr'>F.</span> <span class='ocrx_word' id='word_1_188' title='bbox 1469 1805 1515 1866; x_wconf 87' lang='lat' dir='ltr'>cel</span> <span class='ocrx_word' id='word_1_189' title='bbox 1531 1803 1623 1866; x_wconf 82' lang='lat' dir='ltr'>Feud.</span> <span class='ocrx_word' id='word_1_190' title='bbox 1646 1803 1691 1864; x_wconf 88' lang='lat' dir='ltr'>De</span> <span class='ocrx_word' id='word_1_191' title='bbox 1708 1801 1819 1883; x_wconf 82' lang='lat' dir='ltr'>prodit.</span> <span class='ocrx_word' id='word_1_192' title='bbox 1831 1801 1888 1878; x_wconf 72' lang='lat' dir='ltr'>ferd</span> 
     </span>
     <span class='ocr_line' id='line_1_16' title="bbox 338 1895 1891 1983; baseline -0.008 -16"><span class='ocrx_word' id='word_1_193' title='bbox 338 1905 458 1978; x_wconf 83' lang='lat' dir='ltr'>Codice,</span> <span class='ocrx_word' id='word_1_194' title='bbox 491 1906 614 1983; x_wconf 81' lang='lat' dir='ltr'>Tr‘rnlo,</span> <span class='ocrx_word' id='word_1_195' title='bbox 641 1906 677 1967; x_wconf 87' lang='lat' dir='ltr'>cle</span> <span class='ocrx_word' id='word_1_196' title='bbox 707 1905 904 1972; x_wconf 83' lang='lat' dir='ltr'>Testamenris,</span> <span class='ocrx_word' id='word_1_197' title='bbox 933 1903 969 1964; x_wconf 90' lang='lat' dir='ltr'>L.</span> <span class='ocrx_word' id='word_1_198' title='bbox 1002 1903 1104 1965; x_wconf 80' lang='lat' dir='ltr'>Omnes</span> <span class='ocrx_word' id='word_1_199' title='bbox 1153 1899 1241 1960; x_wconf 88' lang='lat' dir='ltr'>alien.</span> <span class='ocrx_word' id='word_1_200' title='bbox 1255 1919 1309 1980; x_wconf 80' lang='lat' dir='ltr'>per·</span> <span class='ocrx_word' id='word_1_201' title='bbox 1323 1898 1407 1960; x_wconf 86' lang='lat' dir='ltr'>Frid.</span> <span class='ocrx_word' id='word_1_202' title='bbox 1431 1898 1460 1978; x_wconf 64' lang='grc' dir='ltr'>ξ.</span> <span class='ocrx_word' id='word_1_203' title='bbox 1478 1897 1594 1960; x_wconf 81' lang='lat' dir='ltr'>Calidis</span> <span class='ocrx_word' id='word_1_204' title='bbox 1615 1895 1753 1977; x_wconf 85' lang='lat' dir='ltr'>insuper,</span> <span class='ocrx_word' id='word_1_205' title='bbox 1777 1895 1807 1956; x_wconf 93' lang='lat' dir='ltr'>id</span> <span class='ocrx_word' id='word_1_206' title='bbox 1819 1895 1891 1962; x_wconf 80' lang='lat' dir='ltr'>estin</span> 
     </span>
     <span class='ocr_line' id='line_1_17' title="bbox 331 1987 1891 2080; baseline -0.007 -23"><span class='ocrx_word' id='word_1_207' title='bbox 331 1998 468 2079; x_wconf 69' lang='lat' dir='ltr'>profugi,</span> <span class='ocrx_word' id='word_1_208' title='bbox 488 1998 523 2060; x_wconf 89' lang='lat' dir='ltr'>C.</span> <span class='ocrx_word' id='word_1_209' title='bbox 539 1998 574 2060; x_wconf 89' lang='lat' dir='ltr'>de</span> <span class='ocrx_word' id='word_1_210' title='bbox 587 1997 727 2080; x_wconf 73' lang='lat' dir='ltr'>agricolis</span> <span class='ocrx_word' id='word_1_211' title='bbox 746 1996 800 2058; x_wconf 87' lang='lat' dir='ltr'>lid.</span> <span class='ocrx_word' id='word_1_212' title='bbox 820 2000 866 2057; x_wconf 92' lang='lat' dir='ltr'>Il.</span> <span class='ocrx_word' id='word_1_213' title='bbox 889 1997 1101 2075; x_wconf 85' lang='lat' dir='ltr'>idest,Legc,</span> <span class='ocrx_word' id='word_1_214' title='bbox 1153 1991 1241 2053; x_wconf 90' lang='lat' dir='ltr'>libris</span> <span class='ocrx_word' id='word_1_215' title='bbox 1262 1993 1455 2064; x_wconf 82' lang='lat' dir='ltr'>Ecudorum,</span> <span class='ocrx_word' id='word_1_216' title='bbox 1479 1990 1584 2050; x_wconf 86' lang='lat' dir='ltr'>Titulo</span> <span class='ocrx_word' id='word_1_217' title='bbox 1607 1990 1645 2050; x_wconf 87' lang='lat' dir='ltr'>de</span> <span class='ocrx_word' id='word_1_218' title='bbox 1661 1987 1812 2069; x_wconf 84' lang='lat' dir='ltr'>prohibita</span> <span class='ocrx_word' id='word_1_219' title='bbox 1829 1987 1891 2047; x_wconf 85' lang='lat' dir='ltr'>leudi</span> 
     </span>
     <span class='ocr_line' id='line_1_18' title="bbox 335 2081 1890 2168; baseline -0.004 -23"><span class='ocrx_word' id='word_1_220' title='bbox 335 2105 405 2165; x_wconf 76' lang='lat' dir='ltr'>qum</span> <span class='ocrx_word' id='word_1_221' title='bbox 428 2088 545 2167; x_wconf 82' lang='lat' dir='ltr'>incipit,</span> <span class='ocrx_word' id='word_1_222' title='bbox 564 2088 665 2149; x_wconf 82' lang='lat' dir='ltr'>Omnes</span> <span class='ocrx_word' id='word_1_223' title='bbox 677 2085 802 2168; x_wconf 71' lang='lat' dir='ltr'>profupr&#39;</span> <span class='ocrx_word' id='word_1_224' title='bbox 819 2086 850 2145; x_wconf 87' lang='lat' dir='ltr'>in</span> <span class='ocrx_word' id='word_1_225' title='bbox 868 2083 983 2150; x_wconf 83' lang='lat' dir='ltr'>Codice.</span> <span class='ocrx_word' id='word_1_226' title='bbox 1004 2085 1103 2146; x_wconf 83' lang='lat' dir='ltr'>Titnlo</span> <span class='ocrx_word' id='word_1_227' title='bbox 1153 2086 1349 2160; x_wconf 87' lang='lat' dir='ltr'>alienatione,</span> <span class='ocrx_word' id='word_1_228' title='bbox 1365 2103 1421 2163; x_wconf 89' lang='lat' dir='ltr'>per</span> <span class='ocrx_word' id='word_1_229' title='bbox 1435 2082 1638 2149; x_wconf 84' lang='lat' dir='ltr'>Fridericum.</span> <span class='ocrx_word' id='word_1_230' title='bbox 1650 2081 1890 2162; x_wconf 69' lang='lat' dir='ltr'>paragraphum</span> 
     </span>
     <span class='ocr_line' id='line_1_19' title="bbox 334 2174 1892 2259; baseline -0.004 -21"><span class='ocrx_word' id='word_1_231' title='bbox 334 2177 536 2259; x_wconf 78' lang='lat' dir='ltr'>deaprr&#39;colis,</span> <span class='ocrx_word' id='word_1_232' title='bbox 549 2181 581 2240; x_wconf 91' lang='lat' dir='ltr'>in</span> <span class='ocrx_word' id='word_1_233' title='bbox 595 2179 674 2240; x_wconf 90' lang='lat' dir='ltr'>libro</span> <span class='ocrx_word' id='word_1_234' title='bbox 689 2180 852 2239; x_wconf 88' lang='lat' dir='ltr'>undecimo</span> <span class='ocrx_word' id='word_1_235' title='bbox 868 2178 997 2238; x_wconf 88' lang='lat' dir='ltr'>Codicis.</span> <span class='ocrx_word' id='word_1_236' title='bbox 1152 2179 1280 2258; x_wconf 89' lang='lat' dir='ltr'>incipit,</span> <span class='ocrx_word' id='word_1_237' title='bbox 1315 2175 1431 2239; x_wconf 83' lang='lat' dir='ltr'>Calidis</span> <span class='ocrx_word' id='word_1_238' title='bbox 1463 2177 1594 2257; x_wconf 83' lang='lat' dir='ltr'>insuper.</span> <span class='ocrx_word' id='word_1_239' title='bbox 1627 2175 1764 2254; x_wconf 81' lang='lat' dir='ltr'>Reliqua</span> <span class='ocrx_word' id='word_1_240' title='bbox 1799 2174 1892 2252; x_wconf 86' lang='lat' dir='ltr'>longius</span> 
     </span>
     <span class='ocr_line' id='line_1_20' title="bbox 376 2270 1953 2347; baseline 0.003 -17"><span class='ocrx_word' id='word_1_241' title='bbox 376 2270 453 2331; x_wconf 86' lang='lat' dir='ltr'>Pars</span> <span class='ocrx_word' id='word_1_242' title='bbox 468 2274 497 2331; x_wconf 76' lang='lat' dir='ltr'>d.</span> <span class='ocrx_word' id='word_1_243' title='bbox 515 2272 595 2332; x_wconf 84' lang='lat' dir='ltr'>Sunt</span> <span class='ocrx_word' id='word_1_244' title='bbox 609 2272 815 2344; x_wconf 83' lang='lat' dir='ltr'>Authamicae,</span> <span class='ocrx_word' id='word_1_245' title='bbox 832 2289 886 2330; x_wconf 88' lang='lat' dir='ltr'>seu</span> <span class='ocrx_word' id='word_1_246' title='bbox 901 2271 1053 2347; x_wconf 85' lang='lat' dir='ltr'>Novellse,</span> <span class='ocrx_word' id='word_1_247' title='bbox 1069 2290 1105 2332; x_wconf 89' lang='lat' dir='ltr'>ac</span> <span class='ocrx_word' id='word_1_248' title='bbox 1153 2271 1296 2331; x_wconf 84' lang='lat' dir='ltr'>citantur.</span> <span class='ocrx_word' id='word_1_249' title='bbox 1952 2331 1953 2334; x_wconf 74' lang='grc'>,</span> 
     </span>
     <span class='ocr_line' id='line_1_21' title="bbox 338 2343 1953 2443; baseline -0.004 -20"><span class='ocrx_word' id='word_1_250' title='bbox 338 2381 414 2442; x_wconf 85' lang='lat' dir='ltr'>quas</span> <span class='ocrx_word' id='word_1_251' title='bbox 427 2364 596 2443; x_wconf 85' lang='lat' dir='ltr'>pertIncnt,</span> <span class='ocrx_word' id='word_1_252' title='bbox 609 2365 642 2424; x_wconf 86' lang='lat' dir='ltr'>iu</span> <span class='ocrx_word' id='word_1_253' title='bbox 656 2365 766 2443; x_wconf 87' lang='lat' dir='ltr'>primis</span> <span class='ocrx_word' id='word_1_254' title='bbox 781 2363 1022 2424; x_wconf 83' lang='lat' dir='ltr'>Constitutiones</span> <span class='ocrx_word' id='word_1_255' title='bbox 1047 2365 1105 2425; x_wconf 87' lang='grc'>168</span> <span class='ocrx_word' id='word_1_256' title='bbox 1193 2363 1353 2438; x_wconf 84' lang='lat' dir='ltr'>Quomodo</span> <span class='ocrx_word' id='word_1_257' title='bbox 1382 2363 1465 2442; x_wconf 88' lang='lat' dir='ltr'>leges</span> <span class='ocrx_word' id='word_1_258' title='bbox 1491 2363 1576 2424; x_wconf 81' lang='lat' dir='ltr'>duris</span> <span class='ocrx_word' id='word_1_259' title='bbox 1609 2361 1714 2421; x_wconf 85' lang='lat' dir='ltr'>Civilis</span> <span class='ocrx_word' id='word_1_260' title='bbox 1737 2359 1892 2439; x_wconf 85' lang='lat' dir='ltr'>quandoque</span> <span class='ocrx_word' id='word_1_261' title='bbox 1952 2343 1953 2366; x_wconf 58' lang='lat'>¹</span> 
     </span>
     <span class='ocr_line' id='line_1_22' title="bbox 338 2453 1893 2537; baseline -0.003 -22"><span class='ocrx_word' id='word_1_262' title='bbox 338 2456 471 2516; x_wconf 72' lang='lat' dir='ltr'>collectae</span> <span class='ocrx_word' id='word_1_263' title='bbox 485 2458 518 2516; x_wconf 87' lang='lat' dir='ltr'>iu</span> <span class='ocrx_word' id='word_1_264' title='bbox 527 2459 567 2517; x_wconf 79' lang='lat' dir='ltr'>ro</span> <span class='ocrx_word' id='word_1_265' title='bbox 592 2457 713 2531; x_wconf 89' lang='lat' dir='ltr'>titulos,</span> <span class='ocrx_word' id='word_1_266' title='bbox 727 2458 760 2516; x_wconf 93' lang='lat' dir='ltr'>in</span> <span class='ocrx_word' id='word_1_267' title='bbox 773 2476 829 2516; x_wconf 90' lang='lat' dir='ltr'>sua</span> <span class='ocrx_word' id='word_1_268' title='bbox 843 2457 943 2537; x_wconf 84' lang='lat' dir='ltr'>capita</span> <span class='ocrx_word' id='word_1_269' title='bbox 957 2457 1105 2516; x_wconf 91' lang='lat' dir='ltr'>distrihu-</span> <span class='ocrx_word' id='word_1_270' title='bbox 1153 2455 1355 2536; x_wconf 86' lang='lat' dir='ltr'>discrepent¹,</span> <span class='ocrx_word' id='word_1_271' title='bbox 1372 2463 1403 2516; x_wconf 88' lang='lat' dir='ltr'>et</span> <span class='ocrx_word' id='word_1_272' title='bbox 1416 2475 1496 2536; x_wconf 85' lang='lat' dir='ltr'>saepc</span> <span class='ocrx_word' id='word_1_273' title='bbox 1512 2456 1707 2534; x_wconf 83' lang='lat' dir='ltr'>corrigantur</span> <span class='ocrx_word' id='word_1_274' title='bbox 1718 2471 1738 2512; x_wconf 88' lang='lat' dir='ltr'>a</span> <span class='ocrx_word' id='word_1_275' title='bbox 1748 2455 1817 2514; x_wconf 83' lang='lat' dir='ltr'>inre</span> <span class='ocrx_word' id='word_1_276' title='bbox 1823 2453 1893 2512; x_wconf 81' lang='lat' dir='ltr'>Cano</span> 
     </span>
     <span class='ocr_line' id='line_1_23' title="bbox 337 2547 1893 2628; baseline -0.003 -21"><span class='ocrx_word' id='word_1_277' title='bbox 337 2553 402 2623; x_wconf 89' lang='lat' dir='ltr'>tos;</span> <span class='ocrx_word' id='word_1_278' title='bbox 418 2549 452 2609; x_wconf 92' lang='lat' dir='ltr'>hi</span> <span class='ocrx_word' id='word_1_279' title='bbox 469 2554 574 2609; x_wconf 85' lang='lat' dir='ltr'>eutem</span> <span class='ocrx_word' id='word_1_280' title='bbox 591 2549 674 2610; x_wconf 88' lang='lat' dir='ltr'>tituli</span> <span class='ocrx_word' id='word_1_281' title='bbox 692 2550 877 2627; x_wconf 85' lang='lat' dir='ltr'>radIguntur</span> <span class='ocrx_word' id='word_1_282' title='bbox 894 2549 967 2609; x_wconf 75' lang='lat' dir='ltr'>adt)</span> <span class='ocrx_word' id='word_1_283' title='bbox 1000 2550 1104 2610; x_wconf 84' lang='lat' dir='ltr'>Colla·</span> <span class='ocrx_word' id='word_1_284' title='bbox 1152 2550 1232 2619; x_wconf 87' lang='lat' dir='ltr'>nico,</span> <span class='ocrx_word' id='word_1_285' title='bbox 1248 2549 1345 2609; x_wconf 87' lang='lat' dir='ltr'>videri</span> <span class='ocrx_word' id='word_1_286' title='bbox 1358 2553 1457 2628; x_wconf 87' lang='lat' dir='ltr'>potest</span> <span class='ocrx_word' id='word_1_287' title='bbox 1475 2549 1559 2628; x_wconf 90' lang='lat' dir='ltr'>apud</span> <span class='ocrx_word' id='word_1_288' title='bbox 1572 2547 1661 2607; x_wconf 87' lang='lat' dir='ltr'>Plett.</span> <span class='ocrx_word' id='word_1_289' title='bbox 1679 2565 1774 2626; x_wconf 82' lang='lat' dir='ltr'>acap.</span> <span class='ocrx_word' id='word_1_290' title='bbox 1786 2551 1815 2607; x_wconf 87' lang='grc'>6.</span> <span class='ocrx_word' id='word_1_291' title='bbox 1829 2562 1893 2623; x_wconf 69' lang='lat' dir='ltr'>amre</span> 
     </span>
     <span class='ocr_line' id='line_1_24' title="bbox 337 2637 1893 2719; baseline -0.004 -19"><span class='ocrx_word' id='word_1_292' title='bbox 337 2641 447 2702; x_wconf 91' lang='lat' dir='ltr'>tiones.</span> <span class='ocrx_word' id='word_1_293' title='bbox 460 2642 618 2704; x_wconf 84' lang='lat' dir='ltr'>Accedunt</span> <span class='ocrx_word' id='word_1_294' title='bbox 629 2641 794 2702; x_wconf 68' lang='lat' dir='ltr'>,Iustiniani</span> <span class='ocrx_word' id='word_1_295' title='bbox 806 2641 909 2702; x_wconf 85' lang='lat' dir='ltr'>Edicta</span> <span class='ocrx_word' id='word_1_296' title='bbox 924 2642 1103 2710; x_wconf 87' lang='lat' dir='ltr'>tresdecim,</span> <span class='ocrx_word' id='word_1_297' title='bbox 1152 2640 1192 2702; x_wconf 85' lang='lat' dir='ltr'>ad</span> <span class='ocrx_word' id='word_1_298' title='bbox 1211 2645 1259 2702; x_wconf 90' lang='lat' dir='ltr'>ll.</span> <span class='ocrx_word' id='word_1_299' title='bbox 1275 2641 1310 2700; x_wconf 85' lang='lat' dir='ltr'>iu</span> <span class='ocrx_word' id='word_1_300' title='bbox 1323 2640 1436 2719; x_wconf 91' lang='lat' dir='ltr'>quibus</span> <span class='ocrx_word' id='word_1_301' title='bbox 1449 2647 1554 2702; x_wconf 87' lang='lat' dir='ltr'>autem</span> <span class='ocrx_word' id='word_1_302' title='bbox 1570 2639 1710 2700; x_wconf 86' lang='lat' dir='ltr'>absoluta</span> <span class='ocrx_word' id='word_1_303' title='bbox 1729 2637 1893 2717; x_wconf 88' lang='lat' dir='ltr'>sequendum</span> 
     </span>
     <span class='ocr_line' id='line_1_25' title="bbox 337 2728 1892 2813; baseline -0.004 -21"><span class='ocrx_word' id='word_1_304' title='bbox 337 2735 519 2811; x_wconf 72' lang='lat' dir='ltr'>quinetiam</span> <span class='ocrx_word' id='word_1_305' title='bbox 541 2736 573 2794; x_wconf 85' lang='lat' dir='ltr'>ln</span> <span class='ocrx_word' id='word_1_306' title='bbox 594 2753 649 2794; x_wconf 88' lang='lat' dir='ltr'>sua</span> <span class='ocrx_word' id='word_1_307' title='bbox 667 2734 799 2813; x_wconf 88' lang='lat' dir='ltr'>capitula</span> <span class='ocrx_word' id='word_1_308' title='bbox 814 2733 1009 2793; x_wconf 81' lang='lat' dir='ltr'>dlviduntur:</span> <span class='ocrx_word' id='word_1_309' title='bbox 1026 2736 1106 2795; x_wconf 87' lang='lat' dir='ltr'>Item</span> <span class='ocrx_word' id='word_1_310' title='bbox 1153 2735 1191 2794; x_wconf 91' lang='lat' dir='ltr'>sit</span> <span class='ocrx_word' id='word_1_311' title='bbox 1216 2735 1408 2794; x_wconf 77' lang='lat' dir='ltr'>canonicum</span> <span class='ocrx_word' id='word_1_312' title='bbox 1435 2753 1500 2813; x_wconf 84' lang='lat' dir='ltr'>prae</span> <span class='ocrx_word' id='word_1_313' title='bbox 1524 2733 1620 2796; x_wconf 84' lang='lat' dir='ltr'>civili.</span> <span class='ocrx_word' id='word_1_314' title='bbox 1646 2737 1735 2792; x_wconf 82' lang='lat' dir='ltr'>notat</span> <span class='ocrx_word' id='word_1_315' title='bbox 1758 2730 1852 2808; x_wconf 84' lang='lat' dir='ltr'>Engel.</span> <span class='ocrx_word' id='word_1_316' title='bbox 1870 2728 1892 2786; x_wconf 89' lang='lat' dir='ltr'>in</span> 
     </span>
     <span class='ocr_line' id='line_1_26' title="bbox 338 2823 1891 2908; baseline -0.004 -24"><span class='ocrx_word' id='word_1_317' title='bbox 338 2826 472 2886; x_wconf 84' lang='lat' dir='ltr'>Novellaa</span> <span class='ocrx_word' id='word_1_318' title='bbox 481 2826 606 2900; x_wconf 78' lang='lat' dir='ltr'>dirotini,</span> <span class='ocrx_word' id='word_1_319' title='bbox 619 2827 867 2903; x_wconf 77' lang='lat' dir='ltr'>constitutiones,</span> <span class='ocrx_word' id='word_1_320' title='bbox 886 2826 999 2898; x_wconf 81' lang='lat' dir='ltr'>Leonis,</span> <span class='ocrx_word' id='word_1_321' title='bbox 1024 2826 1107 2887; x_wconf 83' lang='lat' dir='ltr'>Tibe·</span> <span class='ocrx_word' id='word_1_322' title='bbox 1150 2843 1276 2908; x_wconf 82' lang='lat' dir='ltr'>prorem.</span> <span class='ocrx_word' id='word_1_323' title='bbox 1300 2823 1340 2884; x_wconf 89' lang='lat' dir='ltr'>ad</span> <span class='ocrx_word' id='word_1_324' title='bbox 1363 2823 1472 2905; x_wconf 76' lang='lat' dir='ltr'>Coliep.</span> <span class='ocrx_word' id='word_1_325' title='bbox 1499 2825 1582 2887; x_wconf 85' lang='lat' dir='ltr'>Jrrrr&#39;s</span> <span class='ocrx_word' id='word_1_326' title='bbox 1618 2823 1730 2887; x_wconf 84' lang='lat' dir='ltr'>Canon.</span> <span class='ocrx_word' id='word_1_327' title='bbox 1759 2841 1831 2883; x_wconf 85' lang='lat' dir='ltr'>num.</span> <span class='ocrx_word' id='word_1_328' title='bbox 1857 2823 1891 2879; x_wconf 81' lang='lat' dir='ltr'>rt.</span> 
     </span>
     <span class='ocr_line' id='line_1_27' title="bbox 337 2913 1893 2997; baseline -0.003 -21"><span class='ocrx_word' id='word_1_329' title='bbox 337 2917 391 2993; x_wconf 85' lang='lat' dir='ltr'>rii,</span> <span class='ocrx_word' id='word_1_330' title='bbox 411 2925 438 2978; x_wconf 88' lang='lat' dir='ltr'>er</span> <span class='ocrx_word' id='word_1_331' title='bbox 459 2918 642 2979; x_wconf 74' lang='lat' dir='ltr'>lastiniani:</span> <span class='ocrx_word' id='word_1_332' title='bbox 667 2920 745 2978; x_wconf 88' lang='lat' dir='ltr'>item</span> <span class='ocrx_word' id='word_1_333' title='bbox 773 2921 832 2978; x_wconf 80' lang='lat' dir='ltr'>trs</span> <span class='ocrx_word' id='word_1_334' title='bbox 870 2919 1107 2979; x_wconf 88' lang='lat' dir='ltr'>Constitutiones</span> <span class='ocrx_word' id='word_1_335' title='bbox 1154 2919 1292 2997; x_wconf 84' lang='lat' dir='ltr'>Denique</span> <span class='ocrx_word' id='word_1_336' title='bbox 1322 2919 1479 2997; x_wconf 89' lang='lat' dir='ltr'>quomodo</span> <span class='ocrx_word' id='word_1_337' title='bbox 1507 2919 1599 2979; x_wconf 78' lang='lat' dir='ltr'>varice</span> <span class='ocrx_word' id='word_1_338' title='bbox 1623 2919 1738 2995; x_wconf 85' lang='lat' dir='ltr'>Leges,</span> <span class='ocrx_word' id='word_1_339' title='bbox 1768 2913 1893 2995; x_wconf 76' lang='lat' dir='ltr'>quaesibi</span> 
     </span>
     <span class='ocr_line' id='line_1_28' title="bbox 337 3005 1893 3090; baseline -0.005 -20"><span class='ocrx_word' id='word_1_340' title='bbox 337 3009 449 3086; x_wconf 75' lang='lat' dir='ltr'>Leones,</span> <span class='ocrx_word' id='word_1_341' title='bbox 474 3029 549 3090; x_wconf 91' lang='lat' dir='ltr'>quas</span> <span class='ocrx_word' id='word_1_342' title='bbox 563 3016 675 3070; x_wconf 84' lang='lat' dir='ltr'>vocant</span> <span class='ocrx_word' id='word_1_343' title='bbox 695 3010 892 3072; x_wconf 85' lang='lat' dir='ltr'>correctorias</span> <span class='ocrx_word' id='word_1_344' title='bbox 915 3011 1033 3088; x_wconf 82' lang='lat' dir='ltr'>Legum</span> <span class='ocrx_word' id='word_1_345' title='bbox 1058 3029 1108 3070; x_wconf 87' lang='lat' dir='ltr'>re·</span> <span class='ocrx_word' id='word_1_346' title='bbox 1154 3011 1315 3071; x_wconf 84' lang='lat' dir='ltr'>contraries</span> <span class='ocrx_word' id='word_1_347' title='bbox 1333 3006 1493 3087; x_wconf 80' lang='lat' dir='ltr'>videniur,</span> <span class='ocrx_word' id='word_1_348' title='bbox 1509 3009 1656 3089; x_wconf 74' lang='lat' dir='ltr'>explicari</span> <span class='ocrx_word' id='word_1_349' title='bbox 1669 3009 1812 3075; x_wconf 88' lang='lat' dir='ltr'>debeant,</span> <span class='ocrx_word' id='word_1_350' title='bbox 1833 3005 1893 3065; x_wconf 83' lang='lat' dir='ltr'>etad</span> 
     </span>
     <span class='ocr_line' id='line_1_29' title="bbox 339 3081 1953 3181; baseline 0.002 -20"><span class='ocrx_word' id='word_1_351' title='bbox 339 3102 553 3181; x_wconf 80' lang='lat' dir='ltr'>purgationes:</span> <span class='ocrx_word' id='word_1_352' title='bbox 575 3105 655 3164; x_wconf 92' lang='lat' dir='ltr'>Item</span> <span class='ocrx_word' id='word_1_353' title='bbox 667 3104 761 3164; x_wconf 76' lang='lat' dir='ltr'>varim</span> <span class='ocrx_word' id='word_1_354' title='bbox 786 3103 853 3162; x_wconf 85' lang='lat' dir='ltr'>aliae</span> <span class='ocrx_word' id='word_1_355' title='bbox 868 3103 1108 3164; x_wconf 88' lang='lat' dir='ltr'>Constitutioncs</span> <span class='ocrx_word' id='word_1_356' title='bbox 1154 3119 1338 3164; x_wconf 89' lang='lat' dir='ltr'>consensum</span> <span class='ocrx_word' id='word_1_357' title='bbox 1357 3103 1468 3164; x_wconf 84' lang='lat' dir='ltr'>adduci</span> <span class='ocrx_word' id='word_1_358' title='bbox 1495 3103 1628 3164; x_wconf 89' lang='lat' dir='ltr'>ostendit</span> <span class='ocrx_word' id='word_1_359' title='bbox 1651 3103 1772 3163; x_wconf 79' lang='lat' dir='ltr'>Fcncck</span> <span class='ocrx_word' id='word_1_360' title='bbox 1789 3101 1818 3160; x_wconf 85' lang='lat' dir='ltr'>in</span> <span class='ocrx_word' id='word_1_361' title='bbox 1829 3095 1895 3159; x_wconf 70' lang='lat' dir='ltr'>arti</span> <span class='ocrx_word' id='word_1_362' title='bbox 1951 3081 1953 3116; x_wconf 55' lang='lat'>³</span> 
     </span>
     <span class='ocr_line' id='line_1_30' title="bbox 339 3191 1953 3276; baseline -0.004 -23"><span class='ocrx_word' id='word_1_363' title='bbox 339 3195 561 3272; x_wconf 68' lang='lat' dir='ltr'>Imperatoriae,</span> <span class='ocrx_word' id='word_1_364' title='bbox 589 3195 702 3274; x_wconf 85' lang='lat' dir='ltr'>quibus</span> <span class='ocrx_word' id='word_1_365' title='bbox 729 3196 763 3256; x_wconf 93' lang='lat' dir='ltr'>in</span> <span class='ocrx_word' id='word_1_366' title='bbox 782 3195 956 3256; x_wconf 85' lang='lat' dir='ltr'>recentibus</span> <span class='ocrx_word' id='word_1_367' title='bbox 974 3196 1107 3275; x_wconf 84' lang='lat' dir='ltr'>Impres-</span> <span class='ocrx_word' id='word_1_368' title='bbox 1155 3201 1281 3257; x_wconf 87' lang='lat' dir='ltr'>tomento</span> <span class='ocrx_word' id='word_1_369' title='bbox 1303 3203 1368 3276; x_wconf 79' lang='lat' dir='ltr'>post</span> <span class='ocrx_word' id='word_1_370' title='bbox 1393 3194 1491 3256; x_wconf 80' lang='lat' dir='ltr'>Flores</span> <span class='ocrx_word' id='word_1_371' title='bbox 1515 3213 1649 3269; x_wconf 84' lang='lat' dir='ltr'>cornum,</span> <span class='ocrx_word' id='word_1_372' title='bbox 1671 3195 1768 3256; x_wconf 83' lang='lat' dir='ltr'>aditos</span> <span class='ocrx_word' id='word_1_373' title='bbox 1788 3191 1894 3254; x_wconf 80' lang='lat' dir='ltr'>octone</span> <span class='ocrx_word' id='word_1_374' title='bbox 1952 3229 1953 3232; x_wconf 18' lang='grc' dir='ltr'><strong>κ</strong></span> 
     </span>
     <span class='ocr_line' id='line_1_31' title="bbox 338 3286 1343 3368; baseline 0.003 -23"><span class='ocrx_word' id='word_1_375' title='bbox 338 3286 479 3346; x_wconf 88' lang='lat' dir='ltr'>sionibus</span> <span class='ocrx_word' id='word_1_376' title='bbox 512 3287 669 3348; x_wconf 89' lang='lat' dir='ltr'>adduntur</span> <span class='ocrx_word' id='word_1_377' title='bbox 703 3289 845 3349; x_wconf 80' lang='lat' dir='ltr'>Oenones</span> <span class='ocrx_word' id='word_1_378' title='bbox 877 3288 1104 3368; x_wconf 84' lang='lat' dir='ltr'>Apostolorum.</span> <span class='ocrx_word' id='word_1_379' title='bbox 1156 3306 1237 3348; x_wconf 84' lang='lat' dir='ltr'>anno</span> <span class='ocrx_word' id='word_1_380' title='bbox 1254 3289 1343 3348; x_wconf 73' lang='lat' dir='ltr'>rose.</span> 
     </span>
     <span class='ocr_line' id='line_1_32' title="bbox 220 3378 1108 3456; baseline 0.003 -18"><span class='ocrx_word' id='word_1_381' title='bbox 220 3383 230 3438; x_wconf 84' lang='grc'>.’</span> <span class='ocrx_word' id='word_1_382' title='bbox 338 3378 504 3440; x_wconf 78' lang='lat' dir='ltr'>GItotioues</span> <span class='ocrx_word' id='word_1_383' title='bbox 529 3381 571 3440; x_wconf 91' lang='lat' dir='ltr'>sic</span> <span class='ocrx_word' id='word_1_384' title='bbox 595 3381 690 3456; x_wconf 86' lang='lat' dir='ltr'>fiunt,</span> <span class='ocrx_word' id='word_1_385' title='bbox 710 3378 744 3440; x_wconf 93' lang='lat' dir='ltr'>C.</span> <span class='ocrx_word' id='word_1_386' title='bbox 765 3378 805 3441; x_wconf 87' lang='lat' dir='ltr'>Se</span> <span class='ocrx_word' id='word_1_387' title='bbox 820 3389 935 3454; x_wconf 86' lang='lat' dir='ltr'>tamen,</span> <span class='ocrx_word' id='word_1_388' title='bbox 958 3381 1044 3441; x_wconf 78' lang='lat' dir='ltr'>Auci.</span> <span class='ocrx_word' id='word_1_389' title='bbox 1059 3399 1108 3441; x_wconf 82' lang='lat' dir='ltr'>sea</span> 
     </span>
    </p>
   </div>
   <div class='ocr_carea' id='block_1_3' title="bbox 336 3604 1953 4205">
    <p class='ocr_par' dir='ltr' id='par_1_3' title="bbox 336 3604 1953 4205">
     <span class='ocr_line' id='line_1_33' title="bbox 372 3604 1953 3675; baseline 0.001 -19"><span class='ocrx_word' id='word_1_390' title='bbox 372 3605 513 3658; x_wconf 71' lang='lat' dir='ltr'>thamnata</span> <span class='ocrx_word' id='word_1_391' title='bbox 540 3607 600 3658; x_wconf 89' lang='lat' dir='ltr'>enim</span> <span class='ocrx_word' id='word_1_392' title='bbox 621 3605 689 3662; x_wconf 80' lang='lat' dir='ltr'>ruirt</span> <span class='ocrx_word' id='word_1_393' title='bbox 708 3607 794 3658; x_wconf 88' lang='lat' dir='ltr'>Piolll</span> <span class='ocrx_word' id='word_1_394' title='bbox 811 3607 854 3658; x_wconf 83' lang='lat' dir='ltr'>Ista</span> <span class='ocrx_word' id='word_1_395' title='bbox 878 3608 1001 3673; x_wconf 84' lang='lat' dir='ltr'>propositio</span> <span class='ocrx_word' id='word_1_396' title='bbox 1018 3625 1052 3658; x_wconf 80' lang='lat' dir='ltr'>:r</span> <span class='ocrx_word' id='word_1_397' title='bbox 1078 3609 1107 3662; x_wconf 86' lang='lat' dir='ltr'>tn</span> <span class='ocrx_word' id='word_1_398' title='bbox 1157 3611 1304 3660; x_wconf 82' lang='lat' dir='ltr'>sanctiones.</span> <span class='ocrx_word' id='word_1_399' title='bbox 1323 3609 1390 3675; x_wconf 71' lang='lat' dir='ltr'>»rto</span> <span class='ocrx_word' id='word_1_400' title='bbox 1405 3608 1622 3660; x_wconf 70' lang='lat' dir='ltr'>maiiestsadlr.</span> <span class='ocrx_word' id='word_1_401' title='bbox 1638 3604 1897 3674; x_wconf 58' lang='lat' dir='ltr'>retractaremus</span> <span class='ocrx_word' id='word_1_402' title='bbox 1952 3641 1953 3652; x_wconf 65' lang='lat'>.</span> 
     </span>
     <span class='ocr_line' id='line_1_34' title="bbox 337 3679 1898 3750; baseline -0.002 -18"><span class='ocrx_word' id='word_1_403' title='bbox 337 3683 451 3748; x_wconf 77' lang='lat' dir='ltr'>condr&#39;ctrr</span> <span class='ocrx_word' id='word_1_404' title='bbox 466 3683 546 3746; x_wconf 75' lang='lat' dir='ltr'>legum</span> <span class='ocrx_word' id='word_1_405' title='bbox 572 3684 698 3748; x_wconf 75' lang='lat' dir='ltr'>utrimque</span> <span class='ocrx_word' id='word_1_406' title='bbox 711 3684 847 3748; x_wconf 83' lang='lat' dir='ltr'>potestatis,</span> <span class='ocrx_word' id='word_1_407' title='bbox 858 3684 902 3748; x_wconf 80' lang='lat' dir='ltr'>jus</span> <span class='ocrx_word' id='word_1_408' title='bbox 916 3683 987 3734; x_wconf 87' lang='lat' dir='ltr'>ciuile</span> <span class='ocrx_word' id='word_1_409' title='bbox 1008 3699 1107 3748; x_wconf 77' lang='lat' dir='ltr'>preera-</span> <span class='ocrx_word' id='word_1_410' title='bbox 1157 3685 1223 3736; x_wconf 91' lang='lat' dir='ltr'>nibus</span> <span class='ocrx_word' id='word_1_411' title='bbox 1236 3684 1333 3750; x_wconf 76' lang='lat' dir='ltr'>politius</span> <span class='ocrx_word' id='word_1_412' title='bbox 1347 3684 1499 3750; x_wconf 83' lang='lat' dir='ltr'>quoticsjura</span> <span class='ocrx_word' id='word_1_413' title='bbox 1517 3683 1602 3734; x_wconf 80' lang='lat' dir='ltr'>laedunt</span> <span class='ocrx_word' id='word_1_414' title='bbox 1625 3684 1786 3736; x_wconf 76' lang='lat' dir='ltr'>ecclesiasten</span> <span class='ocrx_word' id='word_1_415' title='bbox 1809 3679 1898 3750; x_wconf 72' lang='lat' dir='ltr'>persus</span> 
     </span>
     <span class='ocr_line' id='line_1_35' title="bbox 338 3755 1898 3826; baseline -0.003 -18"><span class='ocrx_word' id='word_1_416' title='bbox 338 3759 379 3808; x_wconf 83' lang='lat' dir='ltr'>rer.</span> <span class='ocrx_word' id='word_1_417' title='bbox 398 3775 408 3804; x_wconf 82' lang='lat' dir='ltr'>r</span> <span class='ocrx_word' id='word_1_418' title='bbox 425 3757 483 3808; x_wconf 82' lang='lat' dir='ltr'>Ena.</span> <span class='ocrx_word' id='word_1_419' title='bbox 503 3756 597 3821; x_wconf 82' lang='lat' dir='ltr'>Quanta</span> <span class='ocrx_word' id='word_1_420' title='bbox 611 3773 670 3808; x_wconf 86' lang='lat' dir='ltr'>cura</span> <span class='ocrx_word' id='word_1_421' title='bbox 686 3772 751 3824; x_wconf 88' lang='lat' dir='ltr'>prop.</span> <span class='ocrx_word' id='word_1_422' title='bbox 766 3769 832 3808; x_wconf 82' lang='lat' dir='ltr'>xrtr.</span> <span class='ocrx_word' id='word_1_423' title='bbox 863 3758 907 3808; x_wconf 91' lang='lat' dir='ltr'>llic</span> <span class='ocrx_word' id='word_1_424' title='bbox 930 3759 953 3808; x_wconf 84' lang='lat' dir='ltr'>tn</span> <span class='ocrx_word' id='word_1_425' title='bbox 975 3759 1107 3810; x_wconf 87' lang='lat' dir='ltr'>memoriam</span> <span class='ocrx_word' id='word_1_426' title='bbox 1156 3775 1226 3811; x_wconf 89' lang='lat' dir='ltr'>unum</span> <span class='ocrx_word' id='word_1_427' title='bbox 1240 3761 1377 3825; x_wconf 85' lang='lat' dir='ltr'>sequendum</span> <span class='ocrx_word' id='word_1_428' title='bbox 1392 3760 1527 3826; x_wconf 86' lang='lat' dir='ltr'>prinprium</span> <span class='ocrx_word' id='word_1_429' title='bbox 1548 3763 1659 3826; x_wconf 88' lang='lat' dir='ltr'>:oportet</span> <span class='ocrx_word' id='word_1_430' title='bbox 1682 3760 1772 3811; x_wconf 87' lang='lat' dir='ltr'>obedire</span> <span class='ocrx_word' id='word_1_431' title='bbox 1785 3758 1827 3809; x_wconf 82' lang='lat' dir='ltr'>Iteo</span> <span class='ocrx_word' id='word_1_432' title='bbox 1845 3755 1898 3818; x_wconf 76' lang='lat' dir='ltr'>negt</span> 
     </span>
     <span class='ocr_line' id='line_1_36' title="bbox 337 3829 1898 3902; baseline 0.001 -20"><span class='ocrx_word' id='word_1_433' title='bbox 337 3833 463 3884; x_wconf 77' lang='lat' dir='ltr'>revocanda</span> <span class='ocrx_word' id='word_1_434' title='bbox 476 3838 529 3884; x_wconf 89' lang='lat' dir='ltr'>sunt</span> <span class='ocrx_word' id='word_1_435' title='bbox 551 3849 600 3898; x_wconf 81' lang='lat' dir='ltr'>que</span> <span class='ocrx_word' id='word_1_436' title='bbox 614 3834 704 3886; x_wconf 85' lang='lat' dir='ltr'>nomine</span> <span class='ocrx_word' id='word_1_437' title='bbox 717 3834 816 3898; x_wconf 83' lang='lat' dir='ltr'>ejusdem</span> <span class='ocrx_word' id='word_1_438' title='bbox 832 3833 973 3885; x_wconf 86' lang='lat' dir='ltr'>Smctissimi</span> <span class='ocrx_word' id='word_1_439' title='bbox 991 3835 1108 3886; x_wconf 77' lang='lat' dir='ltr'>pontilicis</span> <span class='ocrx_word' id='word_1_440' title='bbox 1157 3851 1224 3902; x_wconf 83' lang='lat' dir='ltr'>quan</span> <span class='ocrx_word' id='word_1_441' title='bbox 1246 3837 1383 3887; x_wconf 82' lang='lat' dir='ltr'>homiuibus.</span> <span class='ocrx_word' id='word_1_442' title='bbox 1413 3835 1606 3886; x_wconf 78' lang='lat' dir='ltr'>deducebantur</span> <span class='ocrx_word' id='word_1_443' title='bbox 1633 3836 1680 3887; x_wconf 89' lang='lat' dir='ltr'>SS.</span> <span class='ocrx_word' id='word_1_444' title='bbox 1698 3837 1814 3901; x_wconf 72' lang='lat' dir='ltr'>Manuos:</span> <span class='ocrx_word' id='word_1_445' title='bbox 1828 3829 1898 3883; x_wconf 76' lang='lat' dir='ltr'>artari</span> 
     </span>
     <span class='ocr_line' id='line_1_37' title="bbox 338 3907 1898 3977; baseline 0.001 -19"><span class='ocrx_word' id='word_1_446' title='bbox 338 3908 521 3960; x_wconf 75' lang='lat' dir='ltr'>inscribebantur</span> <span class='ocrx_word' id='word_1_447' title='bbox 538 3927 543 3958; x_wconf 95' lang='lat'><strong>:</strong></span> <span class='ocrx_word' id='word_1_448' title='bbox 563 3928 573 3958; x_wconf 78' lang='lat' dir='ltr'>r</span> <span class='ocrx_word' id='word_1_449' title='bbox 587 3909 689 3962; x_wconf 81' lang='lat' dir='ltr'>Ciuilem</span> <span class='ocrx_word' id='word_1_450' title='bbox 710 3914 854 3975; x_wconf 84' lang='lat' dir='ltr'>potestatem</span> <span class='ocrx_word' id='word_1_451' title='bbox 874 3924 1004 3975; x_wconf 83' lang='lat' dir='ltr'>perperam</span> <span class='ocrx_word' id='word_1_452' title='bbox 1013 3925 1108 3976; x_wconf 87' lang='lat' dir='ltr'>semper</span> <span class='ocrx_word' id='word_1_453' title='bbox 1156 3911 1239 3963; x_wconf 87' lang='lat' dir='ltr'>debent</span> <span class='ocrx_word' id='word_1_454' title='bbox 1252 3911 1329 3962; x_wconf 87' lang='lat' dir='ltr'>clerici</span> <span class='ocrx_word' id='word_1_455' title='bbox 1339 3925 1418 3962; x_wconf 87' lang='lat' dir='ltr'>omnes</span> <span class='ocrx_word' id='word_1_456' title='bbox 1432 3923 1460 3962; x_wconf 89' lang='lat' dir='ltr'>ne</span> <span class='ocrx_word' id='word_1_457' title='bbox 1473 3910 1497 3960; x_wconf 86' lang='lat' dir='ltr'>ln</span> <span class='ocrx_word' id='word_1_458' title='bbox 1511 3910 1671 3962; x_wconf 80' lang='lat' dir='ltr'>Cesarismum</span> <span class='ocrx_word' id='word_1_459' title='bbox 1678 3907 1898 3977; x_wconf 72' lang='lat' dir='ltr'>irnpingnmrrrolerrs</span> 
     </span>
     <span class='ocr_line' id='line_1_38' title="bbox 338 3985 1953 4051; baseline -0.001 -16"><span class='ocrx_word' id='word_1_460' title='bbox 338 3985 509 4036; x_wconf 82' lang='lat' dir='ltr'>aeclesiasticis</span> <span class='ocrx_word' id='word_1_461' title='bbox 529 3999 581 4036; x_wconf 86' lang='lat' dir='ltr'>sese</span> <span class='ocrx_word' id='word_1_462' title='bbox 602 3986 674 4036; x_wconf 84' lang='lat' dir='ltr'>retus</span> <span class='ocrx_word' id='word_1_463' title='bbox 695 3986 857 4036; x_wconf 73' lang='lat' dir='ltr'>imminuisse</span> <span class='ocrx_word' id='word_1_464' title='bbox 872 4001 880 4036; x_wconf 93' lang='lat'>:</span> <span class='ocrx_word' id='word_1_465' title='bbox 895 3985 1001 4050; x_wconf 79' lang='lat' dir='ltr'>clerique</span> <span class='ocrx_word' id='word_1_466' title='bbox 1019 4000 1071 4036; x_wconf 88' lang='lat' dir='ltr'>esse</span> <span class='ocrx_word' id='word_1_467' title='bbox 1085 3989 1108 4037; x_wconf 89' lang='lat' dir='ltr'>et</span> <span class='ocrx_word' id='word_1_468' title='bbox 1157 3987 1236 4038; x_wconf 86' lang='lat' dir='ltr'>civiles</span> <span class='ocrx_word' id='word_1_469' title='bbox 1263 3988 1287 4038; x_wconf 89' lang='lat' dir='ltr'>in</span> <span class='ocrx_word' id='word_1_470' title='bbox 1314 3987 1421 4038; x_wconf 77' lang='lat' dir='ltr'>cartilato</span> <span class='ocrx_word' id='word_1_471' title='bbox 1446 3985 1535 4050; x_wconf 80' lang='lat' dir='ltr'>legibus</span> <span class='ocrx_word' id='word_1_472' title='bbox 1561 3987 1725 4039; x_wconf 60' lang='lat' dir='ltr'>ecclesiatius</span> <span class='ocrx_word' id='word_1_473' title='bbox 1753 3987 1897 4051; x_wconf 73' lang='lat' dir='ltr'>enumerant.</span> <span class='ocrx_word' id='word_1_474' title='bbox 1952 3997 1953 4048; x_wconf 76' lang='lat' dir='ltr'>j</span> 
     </span>
     <span class='ocr_line' id='line_1_39' title="bbox 336 4056 1953 4129; baseline -0.004 -19"><span class='ocrx_word' id='word_1_475' title='bbox 336 4062 474 4126; x_wconf 81' lang='lat' dir='ltr'>prasertim</span> <span class='ocrx_word' id='word_1_476' title='bbox 487 4061 672 4126; x_wconf 82' lang='lat' dir='ltr'>Prrccipnonrrn</span> <span class='ocrx_word' id='word_1_477' title='bbox 686 4063 825 4124; x_wconf 87' lang='lat' dir='ltr'>Pastorum,</span> <span class='ocrx_word' id='word_1_478' title='bbox 841 4063 950 4124; x_wconf 71' lang='lat' dir='ltr'>integras</span> <span class='ocrx_word' id='word_1_479' title='bbox 964 4061 1108 4111; x_wconf 87' lang='lat' dir='ltr'>inuiolatas·</span> <span class='ocrx_word' id='word_1_480' title='bbox 1157 4061 1266 4114; x_wconf 70' lang='lat' dir='ltr'>Ecclesiae</span> <span class='ocrx_word' id='word_1_481' title='bbox 1282 4067 1323 4118; x_wconf 87' lang='lat' dir='ltr'>cst.</span> <span class='ocrx_word' id='word_1_482' title='bbox 1344 4063 1465 4113; x_wconf 84' lang='lat' dir='ltr'>decernere</span> <span class='ocrx_word' id='word_1_483' title='bbox 1478 4061 1604 4126; x_wconf 82' lang='lat' dir='ltr'>dajustitia</span> <span class='ocrx_word' id='word_1_484' title='bbox 1618 4063 1705 4128; x_wconf 80' lang='lat' dir='ltr'>legum,</span> <span class='ocrx_word' id='word_1_485' title='bbox 1720 4078 1786 4129; x_wconf 88' lang='lat' dir='ltr'>quum</span> <span class='ocrx_word' id='word_1_486' title='bbox 1801 4056 1899 4112; x_wconf 79' lang='lat' dir='ltr'>intelibils</span> <span class='ocrx_word' id='word_1_487' title='bbox 1952 4125 1953 4128; x_wconf 8' lang='grc' dir='ltr'><strong>Ἴ</strong></span> 
     </span>
     <span class='ocr_line' id='line_1_40' title="bbox 339 4133 1953 4205; baseline 0.003 -21"><span class='ocrx_word' id='word_1_488' title='bbox 339 4149 499 4199; x_wconf 72' lang='lat' dir='ltr'>praeservare</span> <span class='ocrx_word' id='word_1_489' title='bbox 522 4151 551 4187; x_wconf 85' lang='lat' dir='ltr'>ac</span> <span class='ocrx_word' id='word_1_490' title='bbox 575 4137 729 4201; x_wconf 76' lang='lat' dir='ltr'>prodicitur</span> <span class='ocrx_word' id='word_1_491' title='bbox 747 4137 810 4188; x_wconf 88' lang='lat' dir='ltr'>tueri</span> <span class='ocrx_word' id='word_1_492' title='bbox 833 4151 959 4187; x_wconf 75' lang='lat' dir='ltr'>semorum</span> <span class='ocrx_word' id='word_1_493' title='bbox 986 4151 1108 4188; x_wconf 84' lang='lat' dir='ltr'>canonum</span> <span class='ocrx_word' id='word_1_494' title='bbox 1158 4137 1195 4188; x_wconf 92' lang='lat' dir='ltr'>sit.</span> <span class='ocrx_word' id='word_1_495' title='bbox 1232 4137 1381 4205; x_wconf 70' lang='lat' dir='ltr'>(Eddnot.)</span> <span class='ocrx_word' id='word_1_496' title='bbox 1952 4133 1953 4162; x_wconf 55' lang='lat'>³</span> 
     </span>
    </p>
   </div>
   <div class='ocr_carea' id='block_1_4' title="bbox 0 0 1989 6340">
    <p class='ocr_par' dir='ltr' id='par_1_4' title="bbox 0 0 1989 6340">
     <span class='ocr_line' id='line_1_41' title="bbox 0 0 1989 6340; baseline 0 0"><span class='ocrx_word' id='word_1_497' title='bbox 0 0 1989 6340; x_wconf 95' lang='lat' dir='ltr'> </span> 
     </span>
    </p>
   </div>
  </div>
 </body>
</html>
