3964 6348
50 769 55 780 .
160 664 294 812 ss.
359 671 442 806 n.
508 669 594 810 u.
662 659 1291 879 conuensis
1356 658 1462 798 itt

401 973 638 1058 Confirmatio,
668 982 702 1046 et
727 974 897 1045 innovatio
924 971 1209 1050 constitutionum

258 1235 638 1324 INNOGENTH
680 1238 717 1322 X
760 1237 834 1324 ET
869 1232 1230 1323 ALEXANDRI
1272 1230 1356 1317 VII

45 1489 179 1560 Adrasta
190 1471 431 1566 lenteniacum
454 1489 615 1564 llereann
631 1491 815 1582 cotronam,
837 1512 909 1572 cnm
924 1491 1096 1568 nonnullis
1110 1486 1400 1564 Declarntionibur
1413 1507 1478 1578 pro
1492 1485 1603 1559 debita

535 1605 672 1679 illorum
697 1605 907 1676 obseruantia
937 1605 1087 1696 adjectis.

75 2059 189 2123 Vineam
212 2057 337 2122 Domini
365 2057 512 2136 Sabaoth,
527 2075 597 2138 quae
612 2063 657 2123 est
671 2057 785 2124 Catho-
836 2057 1042 2138 Apostolicam
1076 2055 1340 2138 benedictionem.
1388 2053 1436 2116 nd
1469 2058 1606 2114 sanctam

44 2150 91 2214 lica
110 2151 245 2226 Ecclesia,
274 2169 330 2232 pro
354 2149 516 2214 commisso
535 2149 629 2212 Nobis
640 2150 788 2214 diuinitus
837 2152 922 2216 Beati
950 2152 1031 2218 Petri
1053 2152 1176 2226 Sedent,
1206 2155 1236 2211 et
1264 2147 1444 2210 universalis
1466 2146 1608 2208 Ecclesiae

46 2244 198 2324 Apostolicae
245 2243 401 2336 serpitutis
443 2261 573 2306 munere
623 2243 786 2318 custodire,
836 2245 987 2320 regimen,
1027 2243 1217 2306 inscrutabili
1255 2241 1366 2304 divium
1403 2239 1608 2302 Providentiae
1661 2319 1664 2326 1

45 2340 118 2418 atqie
130 2337 262 2398 enmlcre
281 2336 368 2400 omni
382 2336 494 2414 studio,
523 2341 615 2416 atquc
639 2334 791 2396 industria
838 2336 1056 2417 dispositione,
1092 2336 1186 2398 nullis
1218 2335 1331 2396 nostris
1365 2331 1609 2411 suffragantibus

43 2428 137 2508 iugiter
149 2435 330 2509 satagentes,
341 2447 388 2505 ea,
404 2447 503 2508 quma
516 2427 666 2492 Romanis
681 2425 789 2490 Ponti·
840 2430 957 2494 meritis
975 2429 1082 2500 evecti,
1107 2427 1185 2490 nihil
1205 2427 1300 2488 Nobis
1314 2427 1472 2505 antiquins
1487 2443 1526 2486 ex
1539 2441 1609 2484 mtt-

46 2519 136 2584 licibus
158 2521 437 2584 Praedeeessorihus
460 2519 635 2582 nostrised
659 2537 792 2580 succres-
840 2523 923 2586 neris
944 2523 1043 2584 nostri
1064 2521 1167 2584 debito
1185 2539 1250 2581 esse
1277 2517 1432 2592 duximus,
1461 2521 1611 2596 qrtam,nt

46 2621 129 2675 eentes
140 2615 171 2675 in
184 2614 236 2674 illa
246 2613 493 2694 perniciosarum
499 2611 674 2674 novitatum
684 2629 793 2690 uepres
842 2620 954 2678 sarrctse
973 2613 1058 2676 Fidei
1072 2618 1196 2684 nostres,
1211 2631 1247 2673 ac
1256 2628 1414 2672 sacrorum
1425 2613 1611 2689 nogmatum

46 2705 170 2768 radicitus
202 2705 389 2774 credendos,
424 2704 580 2788 prudenti,
617 2702 793 2782 salubrique
841 2707 1021 2786 integritati,
1049 2706 1161 2768 tradita
1186 2705 1321 2766 Nobisa
1355 2705 1418 2765 Deo
1451 2707 1610 2782 potestate,

46 2799 152 2860 oonsilio
166 2799 330 2862 constituta
345 2817 409 2860 esse
418 2805 598 2872 noscuntur,
617 2802 653 2858 ut
667 2796 793 2877 quihus·
843 2807 1016 2881 opportune
1026 2799 1268 2862 consuleremus.

47 2891 277 2972 rumqueinimici
286 2890 423 2952 hominis
435 2888 648 2952 molitionibus
657 2889 791 2968 dejectis,
883 2894 927 2958 Ac
944 2893 1015 2954 licet
1028 2911 1075 2968 ea,
1095 2910 1164 2971 quae
1179 2886 1359 2970 Apostoliois
1380 2887 1613 2948 Constitutioni-

46 2983 146 3046 lirmius
167 3001 301 3067 semper,
323 2989 416 3064 atque
430 2981 566 3046 exactius
580 2981 792 3054 observentur,
843 2987 902 3049 hirs
922 2985 1045 3048 abunde
1057 2985 1184 3046 inierunt
1202 2982 1427 3044 definitanovae
1440 2979 1611 3056 decisionis,

44 3075 186 3156 apostotici
199 3075 383 3142 muniminis
398 3074 651 3154 nostripreesidio
664 3073 796 3138 libenter
845 3079 909 3142 sive
946 3077 1160 3140 declarationis
1203 3074 1375 3136 accessione
1415 3090 1614 3152 nequaquam

46 3168 216 3244 roboramus,
234 3175 329 3251 atque
341 3168 415 3232 alias
429 3167 560 3247 desuper
570 3166 793 3236 sollicitudinis,
848 3171 1017 3250 indigeant,
1033 3169 1087 3249 qui
1097 3175 1201 3230 tamen
1214 3167 1311 3247 aliqui
1320 3165 1452 3246 publicae
1466 3165 1618 3244 tranquil-

47 3265 70 3320 et
80 3263 273 3342 providentiae
301 3267 415 3324 nostras
442 3266 544 3340 partes
557 3259 795 3340 interponimus,
849 3263 942 3326 litatis
956 3262 1186 3343 perturbatores
1198 3261 1232 3321 in
1245 3260 1298 3324 illa
1312 3258 1443 3320 dubium
1460 3275 1615 3334 reuocare,

46 3354 262 3418 sir-utomntbus
275 3359 395 3416 nutrires
414 3352 667 3414 considerationis
679 3352 797 3414 trutina
848 3355 899 3418 vel
930 3355 1067 3416 subdolis
1097 3352 1401 3433 interpretationibus
1435 3349 1618 3412 labefactare

46 3448 192 3527 perpensis,
218 3449 258 3510 ad
273 3447 408 3522 fidelem,
438 3464 473 3506 ao
491 3450 591 3506 tutam
613 3444 798 3508 Orthodonae
848 3467 914 3510 non
935 3453 1092 3520 uerenttn,
1119 3465 1158 3508 ne
1180 3446 1307 3507 morbus
1330 3445 1387 3506 iste
1413 3444 1505 3505 latius
1530 3443 1618 3504 dira-

46 3540 161 3602 tentatis
174 3539 359 3610 ettstodiam
386 3555 509 3602 necnon
528 3536 706 3599 animarum
731 3555 800 3616 ltre-
848 3548 949 3622 getur,
984 3546 1166 3622 promptum
1206 3538 1388 3619 Apostolicaa
1430 3536 1620 3598 auctoritatis

48 3628 110 3693 lisso
129 3631 287 3713 Unigeniti
313 3631 368 3694 ttot
391 3630 446 3692 filii
470 3628 594 3696 Domini
613 3627 712 3690 nostri
726 3630 800 3690 lesu
848 3635 1022 3697 remedium
1035 3633 1212 3696 censuimus
1232 3649 1297 3692 non
1322 3648 1388 3692 csse
1400 3629 1617 3690 differendum.

47 3721 142 3785 Christi
181 3724 340 3804 Sanguine
379 3721 624 3810 Redemptarum
669 3722 799 3784 salutem
890 3728 1052 3790 Emanauit
1074 3722 1619 3805 siquidemaliasalel.rac.1NNO-

47 3817 170 3894 ttpedire
183 3816 217 3882 in
231 3815 366 3878 Domino
379 3813 578 3878 arbitramur.
851 3821 995 3882 CENTIO
1008 3821 1090 3898 Papa
1104 3819 1130 3878 X
1160 3817 1388 3878 Praedeccssore
1401 3819 1507 3875 nostro
1522 3816 1618 3875 Cons-

78 3909 149 3972 Stme
162 3916 328 3990 postquam
343 3907 391 3970 fel·
413 3925 512 3970 sewi·
534 3905 799 3968 INNOCENTIUS
850 3912 966 3990 titutio,
996 3917 1027 3973 et
1054 3909 1196 3972 Definitio
1223 3907 1349 3983 tenoris,
1380 3907 1434 3986 quii
1468 3906 1616 3986 sequitur,

47 3996 117 4080 Papa
138 4002 174 4064 x.
203 4001 412 4066 Praedcecssor
439 4004 544 4065 noster
565 4017 619 4079 par
633 3999 800 4078 qttamdtttn
849 4005 1009 4070 uidelicet:

46 4109 120 4154 suam
132 4095 262 4178 desuper
271 4093 387 4158 editam
397 4093 655 4157 Constitutionem
663 4092 801 4170 quinque
891 4095 1161 4160 INNOOENTIUS
1188 4091 1358 4173 Episcopus
1378 4093 1492 4153 Samus
1510 4093 1621 4154 Seruo-

46 4180 161 4248 iamosas
176 4186 402 4268 propositiones
416 4203 454 4245 ox
466 4184 546 4248 libro
571 4184 707 4246 Cornelii
725 4185 799 4246 lan·
851 4209 923 4252 rum
937 4189 994 4251 Dei
1011 4187 1168 4249 Universis
1189 4185 1301 4246 Christi
1314 4185 1457 4246 fidelibus
1478 4184 1620 4262 salutem,

47 4279 110 4338 senii
134 4280 278 4364 Episcopi
306 4277 451 4358 Iprensis,
478 4278 528 4340 cui
548 4277 668 4354 titanus,
683 4276 799 4358 Anmo·
851 4289 882 4346 et
896 4277 1622 4362 Apostolienmbcncdietionem.Crrmoccusionc

47 4367 120 4447 tibris,
143 4377 311 4454 excerptas,
341 4367 507 4450 Apostolici
535 4387 663 4432 censura
693 4368 801 4446 judicii
851 4373 1060 4456 impressionis
1090 4371 1174 4437 libri.
1210 4371 1260 4431 cui
1284 4370 1404 4443 titulus,
1442 4369 1623 4450 Arrpnstinos

47 4460 93 4524 rite
109 4465 287 4538 confixerat,
313 4481 377 4526 rec.
402 4477 530 4524 memor.
552 4460 802 4526 maxennam
852 4463 1139 4530 Corneliilansenii
1155 4462 1623 4544 Episcopilprcnsis,intcralins

49 4551 117 4634 Papa
135 4557 189 4620 Vll
209 4556 305 4619 etiarn
329 4553 536 4616 Praedecossor
552 4559 658 4614 nester
672 4552 712 4616 ad
725 4553 803 4633 ejus·
852 4561 919 4639 ejus
933 4559 1095 4640 opiniones
1109 4561 1176 4618 orta
1189 4555 1292 4631 tuarit,
1308 4555 1479 4634 prasertim
1500 4555 1533 4615 in
1556 4556 1624 4616 Gal-

47 4648 187 4728 modiana
200 4650 364 4712 damnatos
378 4664 497 4710 errores
511 4664 527 4706 e
540 4644 802 4710 Christilidelium
852 4653 912 4727 liis,
929 4650 1137 4714 controversia
1151 4667 1244 4729 super
1258 4648 1395 4727 quinque
1409 4666 1449 4708 ex
1459 4647 1530 4722 illis,
1542 4666 1623 4709 com-

47 4739 188 4804 meatibus
220 4757 349 4822 prorsus
389 4736 572 4814 abolendos,
609 4737 803 4819 publicaeque
852 4746 956 4826 pluras
970 4743 1139 4806 Galliarum
1162 4742 1302 4821 Episcopi
1328 4741 1410 4820 apud
1425 4757 1483 4800 nos
1505 4740 1622 4802 instite-

47 4833 262 4912 tranquillitatis
295 4830 546 4912 perturbatorum
573 4830 677 4894 subtili
709 4837 804 4894 tectus
853 4839 938 4912 runt,
951 4839 987 4895 nt
1000 4832 1123 4894 easdem
1144 4830 1372 4910 propositiones
1392 4829 1487 4890 Nobis
1506 4829 1625 4890 oblatas

47 4922 196 4988 ealliditate
216 4924 462 4987 machinationes
476 4911 600 5003 penitu's
612 4924 801 5001 ariomanitas,
853 4927 1108 5009 expenderemus,
1125 4943 1161 4986 ac
1175 4924 1213 4984 dc
1228 4941 1414 5002 innocuaque
1432 4939 1540 4983 carum
1559 4941 1623 4983 cer-

48 5017 212 5092 praedictam
225 5015 805 5082 'INNOCENTIIPraedecessorisCons-
854 5027 930 5095 tom,
960 5023 991 5080 et
1014 5017 1207 5098 perspicuam
1240 5017 1391 5078 terremus
1423 5015 1622 5077 sententiam:

48 5103 303 5180 autoramento
326 5110 410 5176 illius
429 5109 545 5170 inserto
562 5114 681 5186 tenore,
697 5109 805 5174 confrr-
855 5114 957 5174 Tenor
982 5129 1055 5171 voro
1083 5109 1280 5190 praelatarum
1307 5107 1551 5190 propositionum
1568 5111 1623 5184 est,

48 5203 143 5280 mavit,
156 5201 624 5282 novanrmquedeolarationum
634 5202 806 5264 accessione
856 5209 950 5285 prout
961 5203 1118 5282 sequitur:
1133 5201 1251 5262 Prima.
1267 5200 1378 5280 hiique
1402 5200 1459 5262 Dei
1472 5204 1626 5280 praecepta

50 5293 254 5372 constabilivit,
269 5313 325 5356 sua
336 5295 370 5356 in
384 5293 416 5356 id
431 5293 545 5374 pariter
559 5292 639 5359 edita
654 5294 807 5359 Constitu·
856 5293 1035 5360 hominihus
1056 5294 1146 5374 justis
1170 5293 1354 5368 uolentibus,
1381 5297 1411 5353 ct
1430 5291 1624 5368 conantibus,

51 5382 122 5450 ione
132 5387 260 5460 enoris,
276 5383 663 5468 qirisequitu1·,rtdetioet:
857 5389 1028 5454 secundum
1042 5393 1218 5467 praesentes,
1234 5403 1311 5465 quas
1323 5384 1537 5461 hahentvires,
1554 5389 1629 5446 stant
1650 5399 1654 5414 ·

82 5477 315 5546 ALEXANDER
329 5476 510 5562 Episcopus,
522 5478 809 5546 SctmtsSeruorum
858 5480 1072 5562 impossibilia:
1095 5481 1180 5541 deest
1206 5495 1330 5558 meoque
1350 5477 1411 5538 illis
1434 5477 1628 5558 gratiaque

52 5567 109 5647 nri,
132 5569 289 5636 Univcrsis
314 5569 426 5635 ctu-isti
448 5569 591 5634 fidelibus
617 5571 810 5648 salutemet
860 5571 1015 5661 possibilia
1029 5572 1115 5632 fiuant.
1139 5569 1279 5632 Secundo.
1307 5570 1449 5631 interiori
1467 5571 1574 5651 gratiae
1594 5571 1627 5631 in
