3992 6344
310 453 371 514 611
941 446 991 513 DE
1010 445 1268 510 JURAMENTO.

309 622 390 687 tum,
404 615 517 678 debent
531 617 564 678 in
580 623 713 697 utroque
726 617 793 678 foro
803 623 950 698 praestare
962 615 1079 688 omnia,
1131 613 1214 692 quod
1224 613 1334 692 jurans
1348 613 1487 676 absoluta
1500 615 1612 676 velitid
1626 613 1768 693 lieri,sed
1781 613 1905 686 saltem,

309 714 402 788 atque
416 708 441 768 si
455 709 612 787 jurassent
629 729 685 790 per
707 709 875 788 Evangelia
892 730 899 770 :
920 709 1003 770 idem
1023 713 1079 784 est,
1131 711 1285 784 quantum
1303 707 1336 766 in
1353 725 1385 768 se
1399 713 1456 784 eet,
1469 707 1553 786 quod
1567 707 1692 770 ridetur
1705 706 1849 768 sufficere
1868 705 1909 767 ad

309 801 380 860 siin
391 801 507 878 judicio
518 801 640 879 iurasti,
652 819 681 863 v.
697 821 729 882 g.
743 821 799 883 per
816 803 911 864 fidem
922 802 980 861 riri
996 801 1083 862 nobi·
1131 798 1365 878 blasphemiam.

307 892 355 964 lis,
372 893 496 973 quando
510 894 665 954 tenebaris
682 895 789 972 jurare
802 914 858 975 per
879 894 1081 971 Deum,idem
1431 903 1600 966 ΒυΒῙυΜ,

308 989 420 1064 putant
442 985 536 1046 etiam
564 989 651 1046 extra
674 986 838 1064 judicium,
866 988 979 1048 Sanch.
1001 985 1079 1047 Gob.

309 1077 378 1138 488.
396 1077 508 1137 Dicast.
526 1096 558 1138 u.
580 1079 648 1138 106.
666 1081 771 1140 01131.
788 1079 914 1158 aliique,
928 1079 954 1139 ei
966 1077 1081 1138 delibe-

307 1170 375 1225 rate
390 1166 534 1226 dicantur
547 1166 621 1226 talia
634 1167 740 1242 rerba,
756 1167 1082 1246 perconsuetudinem
1174 1163 1195 1194 “
1217 1163 1306 1243 Resp.
1341 1165 1513 1226 Diuisiones
1546 1166 1665 1245 aliquot
1697 1165 1916 1227 communiter
1937 1185 1980 1246 ῃ

309 1273 386 1333 esse,
402 1263 433 1318 et
446 1257 543 1337 accipi
554 1258 640 1318 velut
655 1259 844 1337 juramenta.
856 1263 886 1322 8.
899 1262 1014 1320 iurans
1026 1277 1082 1339 per
1131 1252 1317 1330 afferuntur,
1331 1258 1384 1319 secl
1398 1263 1520 1319 tantum
1536 1259 1749 1330 accidentales,
1764 1277 1919 1339 mraespe

1275 1016 1444 1099 Quotuplen
1470 1019 1511 1079 sit
1532 1018 1767 1081 duramentum?

308 1353 425 1410 tactum
444 1349 527 1425 libri,
552 1368 647 1429 quem
673 1353 793 1430 putavit
818 1369 882 1412 esse
908 1352 1079 1429 Evangelia,
1132 1347 1212 1407 aiem
1225 1366 1290 1408 non
1303 1355 1437 1425 mutant,
1453 1355 1489 1410 ut
1510 1351 1544 1410 in
1569 1349 1770 1412 Confessione
1797 1351 1919 1411 distin-

308 1441 411 1520 reipsa
430 1443 558 1521 juravit,
584 1443 655 1504 licet
676 1443 769 1504 luerit
793 1444 872 1504 alius
899 1444 989 1518 liber,
1010 1447 1083 1524 quia
1132 1456 1302 1516 guerenon
1316 1443 1356 1502 sit
1368 1459 1455 1521 opus,
1474 1443 1564 1504 Suar.
1581 1444 1661 1504 Less.
1680 1442 1703 1504 t.
1721 1445 1752 1503 2.
1768 1461 1842 1523 cap.
1863 1446 1917 1504 42.

308 1552 394 1594 error
405 1540 452 1595 cst
464 1540 587 1595 tantum
601 1537 781 1611 materialis,
796 1537 906 1598 Tamb.
919 1539 945 1614 ἕ.
963 1541 991 1600 1.
1007 1558 1037 1599 0.
1049 1540 1079 1599 l.
1133 1527 1162 1590 dl
1177 1533 1207 1592 2·
1225 1533 1338 1594 Bonae.
1355 1542 1377 1595 t.
1394 1536 1422 1596 ⁹2.
1439 1534 1471 1595 d.
1487 1539 1516 1596 1.
1528 1555 1558 1616 q.
1577 1539 1605 1597 1.
1620 1536 1921 1617 00110000ᾱίνὶ-

309 1629 339 1686 0.
359 1626 390 1686 Si
402 1627 489 1705 jures
507 1646 563 1707 per
585 1627 704 1705 ignem,
729 1629 779 1689 vel
797 1648 912 1703 aerem,
931 1636 1083 1691 nunaunt
1133 1623 1218 1684 ditur

305 1718 515 1798 juramenta:
547 1720 573 1779 si
594 1739 650 1800 per
673 1721 779 1798 ignem
800 1722 865 1794 Dei,
890 1739 993 1784 aerem
1016 1723 1080 1799 Dei,
1175 1719 1197 1750 ‘⁶
1222 1717 1339 1794 Primo,
1361 1719 1400 1780 In
1422 1720 1557 1795 verbale,
1578 1720 1687 1797 Reale,
1707 1725 1740 1781 et
1759 1721 1921 1798 Mistum3

311 1816 384 1871 sunt
403 1812 594 1890 juramenta,
614 1812 722 1876 Tamb.
745 1816 772 1890 Ξ.
791 1833 822 1874 n.
842 1817 960 1876 1010.
983 1815 1015 1876 Si
1029 1834 1084 1895 per
1134 1826 1206 1870 enm
1219 1810 1362 1872 videlicet
1374 1811 1421 1888 fit,
1443 1813 1493 1873 vel
1512 1813 1627 1890 verbis,
1647 1813 1701 1874 vel
1719 1813 1846 1875 actione
1866 1815 1925 1875 ali·

310 1904 424 1982 aliqua,
442 1904 602 1984 dequibus
617 1905 787 1981 dubitatur,
804 1925 844 1967 an
858 1908 978 1986 perillo
994 1909 1085 1969 invo-
1135 1920 1207 1981 qua,
1225 1910 1260 1964 ut
1273 1905 1426 1970 erectione
1440 1905 1622 1984 digitorum,
1641 1911 1789 1967 contactu
1803 1907 1923 1982 mucis,

312 2005 398 2056 cetur
413 1999 504 2071 Deus,
517 2015 619 2076 neque
634 1998 761 2074 positive
776 1999 918 2060 intendas
929 2000 1083 2078 invocare,
1135 1997 1258 2075 saepto,
1275 1997 1515 2075 Evangeliorum
1532 2015 1539 2056 ε
1555 1999 1605 2058 vel
1625 2004 1659 2059 et
1680 1999 1789 2058 uerbis
1809 2000 1923 2073 simul,

310 2107 412 2168 neque
426 2090 570 2150 intendas
581 2108 645 2150 non
655 2091 810 2166 invocare,
825 2093 897 2170 quia
905 2112 968 2153 non
976 2095 1084 2154 adrer—
1135 2094 1166 2148 et
1192 2091 1313 2150 actione
1336 2090 1498 2169 corporali,
1514 2090 1598 2150 unde
1622 2095 1653 2150 et
1673 2098 1806 2151 vocatur
1829 2093 1926 2154 Jura·

312 2182 362 2256 tia,
371 2201 428 2243 nec
439 2183 542 2243 deboc
551 2185 676 2261 cogitate,
685 2184 787 2262 reipsa
794 2203 858 2245 non
869 2186 966 2263 jurae,
974 2187 1083 2248 Tamb.
1134 2187 1279 2242 mentum
1291 2183 1462 2261 corporale.
1480 2183 1517 2243 V.
1530 2183 1644 2242 Bonae.
1659 2181 1714 2244 loc.
1731 2183 1787 2243 cit.

311 2293 342 2334 u.
355 2277 387 2335 6.
405 2277 453 2336 11.
473 2275 506 2334 si
519 2275 588 2353 quis
602 2275 683 2337 dicat
696 2277 801 2351 verba,
818 2296 888 2357 quea
902 2297 967 2338 non
987 2281 1085 2340 conti·
1177 2277 1199 2308 ‘⁶
1223 2273 1366 2335 Secundo.
1383 2275 1418 2334 ln
1433 2275 1675 2346 luvocatorium,
1687 2293 1742 2336 seu
1757 2276 1926 2336 Contacta·

312 2373 389 2428 nent
408 2368 634 2446 juramentum,
659 2361 795 2448 velitque
819 2387 876 2448 per
903 2389 940 2431 ea
966 2371 1084 2450 jurare,
1136 2365 1263 2426 tunium·
1283 2373 1314 2427 et
1331 2367 1365 2426 in
1384 2368 1629 2440 Execratorium,
1653 2385 1709 2428 seu
1725 2369 1926 2447 Impreaato-

257 2457 262 2464 '
312 2461 414 2539 reipsa
428 2461 525 2539 jurat,
547 2460 573 2520 ei
596 2461 682 2538 sciat,
694 2462 771 2541 quid
786 2461 824 2521 eit
834 2462 959 2540 jurare;
974 2481 1087 2543 nempe
1137 2458 1231 2518 rium.
1247 2459 1329 2520 Illud
1339 2464 1394 2533 est,
1411 2477 1473 2538 quo
1489 2461 1570 2520 Deus
1585 2460 1771 2539 simpliciter
1785 2465 1823 2520 ut
1835 2461 1927 2520 testis

313 2553 397 2632 quod
412 2553 451 2614 sit
475 2555 574 2613 Deum
588 2571 698 2614 vocare
721 2555 752 2615 in
780 2559 890 2615 testem
910 2576 916 2616 :
940 2557 1088 2618 steritem
1139 2552 1926 2631 invocatur3b0cautem,quononsolumrocatru

311 2645 437 2718 nesciat,
463 2645 538 2724 quid
562 2646 601 2706 sit
620 2646 739 2724 jurare,
768 2652 804 2707 ut
835 2647 999 2727 saepissime
1024 2667 1090 2709 non
1139 2650 1174 2705 ut
1186 2645 1283 2718 testis,
1299 2645 1461 2704 sedetiam
1474 2651 1509 2704 ut
1521 2644 1647 2716 vindex,
1660 2663 1732 2706 cum
1743 2645 1877 2723 jurans,
1893 2663 1926 2706 se

312 2737 413 2796 subant
437 2739 541 2810 tuden,
572 2739 692 2798 etiamsi
722 2739 856 2800 voluerit
884 2740 1001 2818 jurare,
1036 2747 1091 2802 aut
1139 2737 1188 2796 vcl
1203 2737 1300 2797 alium
1314 2736 1473 2811 dilectum,
1487 2735 1537 2796 vel
1549 2736 1666 2815 aliquid
1687 2737 1746 2813 sui,
1773 2743 1833 2798 aut
1852 2756 1927 2798 siro-

311 2829 412 2890 facere
431 2831 515 2909 quod
540 2829 593 2890 alii
612 2830 741 2906 faciunt,
757 2831 858 2911 reipsa
875 2849 940 2892 non
961 2832 1088 2910 juravit,
1139 2847 1222 2902 rum,
1234 2828 1425 2906 subjicitlteo
1437 2829 1808 2908 puniendum,silalsum
1819 2831 1924 2891 dicat:

313 2921 366 2982 sed
390 2922 588 2982 inefficaciter
617 2928 741 2982 tantum
758 2923 866 3001 iurare
888 2922 996 2996 voluit,
1018 2925 1088 3004 quia
1139 2925 1186 2994 ut,
1201 2921 1241 2980 tta
1256 2939 1301 2980 me
1311 2919 1482 2997 00000001,
1494 2920 1614 3000 udp'icoct
1622 2939 1633 2980 .·
1641 2921 1751 3002 puniat
1762 2941 1808 2982 me
1821 2921 1926 2986 Dm.-

314 3015 413 3074 Deum
423 3031 488 3074 non
502 3014 623 3076 vocavit
632 3015 666 3074 in
675 3020 870 3089 testem,n0n
884 3016 969 3076 enim
979 3035 1091 3095 coguo—
1138 3011 1236 3090 sociat
1255 3011 1343 3084 Deae,
1366 3019 1400 3071 ut
1419 3011 1489 3073 linc
1504 3031 1658 3094 nunquam
1677 3032 1767 3074 scurra
1778 3033 1927 3096 sarpam:

313 3107 400 3166 vitae
415 3105 768 3183 hocfecere‚autvelle,
785 3107 895 3167 Tamb.
911 3107 939 3186 §.
970 3110 997 3168 l.
1015 3129 1046 3170 u.
1058 3112 1088 3169 8.
1140 3105 1368 3185 neccoujupeur,
1388 3122 1439 3165 uec
1455 3103 1655 3166 liberoaeiuos
1671 3103 1757 3166 lodie
1775 3105 1927 3168 intuear:

314 3199 426 3259 Dicant.
442 3200 557 3260 10101.
573 3201 623 3260 12.
641 3199 770 3273 Quando
781 3200 850 3278 quis
859 3199 989 3278 protulit
996 3201 1091 3261 verba
1141 3195 1227 3256 tollat
1241 3215 1287 3256 ure
1300 3195 1381 3257 Daue
1392 3195 1666 3274 caticumenum·
1678 3205 1827 3259 ueternum
1842 3199 1928 3260 darn·

314 3290 472 3369 ambigua,
489 3291 528 3351 de
549 3291 662 3370 quibus
690 3309 729 3351 ex
750 3309 810 3352 usu
837 3293 997 3353 communi
1025 3311 1089 3353 non
1139 3307 1213 3356 ner,-
1236 3307 1324 3368 cuper
1345 3289 1478 3349 animam
1505 3307 1612 3365 rneom,
1650 3295 1709 3353 etc.
1741 3291 1782 3350 In
1806 3291 1929 3371 quibus

314 3387 444 3458 constat,
453 3401 494 3443 an
509 3383 689 3443 contineant
703 3384 931 3461 juramentum,
947 3384 997 3444 vcl
1010 3403 1089 3462 non,
1140 3380 1265 3460 quaudo
1279 3381 1355 3440 falso
1366 3381 1503 3459 juratur,
1522 3399 1565 3441 an
1577 3383 1617 3442 sit
1629 3381 1802 3460 cunjuncta
1825 3384 1927 3444 altera

314 3474 461 3535 standum
480 3480 526 3534 est
538 3475 705 3536 intentioni
717 3475 911 3555 proferentis,
932 3481 962 3537 et
978 3477 1005 3536 si
1020 3479 1089 3556 qui·
1141 3473 1257 3552 specics
1284 3473 1411 3532 malitiae
1432 3479 1540 3533 contra
1565 3473 1748 3535 charitatem
1773 3475 1840 3549 sui,
1871 3482 1925 3536 aut

315 3568 387 3628 dem
413 3586 478 3629 non
506 3568 584 3628 solet
604 3568 723 3646 jurare,
744 3569 934 3629 censendum
955 3574 1001 3629 est
1027 3589 1091 3630 non
1139 3565 1286 3644 proximi,
1317 3564 1497 3626 Scholastici
1517 3571 1767 3627 controvertunt.
1798 3569 1922 3648 Negant

314 3653 407 3721 luisse
435 3661 641 3722 intentionem
668 3660 817 3740 jurandi;
839 3661 865 3720 si
888 3667 994 3721 autem
1014 3663 1092 3723 solet
1142 3657 1268 3732 Suarcz,
1293 3657 1417 3717 Valent.
1444 3663 1504 3718 etc.
1536 3658 1611 3736 quia
1637 3677 1704 3719 non
1730 3659 1814 3720 solet
1844 3663 1922 3740 quis,

311 3759 429 3836 jurare,
446 3754 702 3832 presumendum
719 3757 766 3814 est
776 3752 869 3813 luisse
884 3752 1090 3816 intentionem
1141 3750 1234 3810 eliam
1248 3751 1348 3810 amico
1362 3767 1418 3810 suo
1430 3749 1490 3810 tale
1502 3750 1622 3810 malum
1632 3769 1670 3811 ex
1683 3751 1794 3812 animo
1809 3753 1926 3833 impre

310 3839 449 3918 jurandi,
466 3845 617 3906 Dicastn.
632 3849 701 3907 104.
1141 3843 1215 3913 cari,
1231 3842 1285 3901 scd
1303 3843 1407 3920 potius
1429 3841 1545 3920 cogitat
1567 3843 1668 3904 Deum
1682 3861 1749 3904 non
1764 3844 1924 3906 facturum

230 3949 289 4010 059
357 3937 391 4014 (l.
408 3938 459 3998 66.
482 3937 531 3998 An
544 3937 627 4016 sclao
636 3939 749 4018 jurans
761 3938 860 4018 reipsa
867 3937 982 4016 juret?
996 3939 1090 4019 Resp.
1142 3953 1217 3996 csse.
1235 3935 1271 3995 V.
1290 3935 1402 3996 Bonae.
1421 3935 1477 3995 loc.
1489 3935 1539 3996 cit.

314 4032 415 4099 Jurat,
432 4030 574 4108 quamvis
588 4031 673 4090 cuim
686 4046 750 4091 non
760 4030 844 4106 velit,
860 4036 893 4090 ut
906 4032 989 4091 Deua
1002 4031 1092 4092 abac·
1183 4032 1204 4060 “
1225 4025 1252 4088 T
1249 4027 1335 4088 ertio.
1347 4028 1383 4087 ln
1397 4027 1655 4103 desertoriumnt
1664 4028 1922 4092 Promissurinrn.

314 4109 518 4180 lutctestetur
532 4137 622 4179 suam
641 4118 814 4191 falsitatem,
836 4137 907 4179 cum
931 4119 990 4180 hoc
1017 4121 1094 4181 sciat
1142 4120 1220 4180 lllud
1240 4126 1295 4195 est,
1312 4137 1375 4198 quo
1392 4119 1560 4198 preterita,
1576 4121 1627 4180 vel
1647 4123 1819 4201 praeseutia
1839 4123 1923 4183 affir-

315 4229 380 4272 esse
396 4210 597 4290 impossibile,
615 4216 732 4284 tamen,
760 4221 913 4290 quantum
934 4211 968 4272 in
988 4230 1020 4271 se
1034 4219 1089 4288 est,
1142 4216 1279 4289 mantur,
1300 4217 1355 4273 aut
1378 4217 1560 4290 negantur:
1575 4212 1636 4273 huc
1658 4219 1767 4274 autem
1781 4223 1842 4282 est.
1863 4234 1923 4294 quo

315 4305 392 4380 vult,
415 4304 547 4382 ideoque
562 4303 806 4371 invocatDeum,
823 4303 896 4364 utsi
910 4304 1016 4383 possit,
1029 4309 1094 4366 tes·
1143 4304 1260 4384 aliquid
1282 4303 1423 4365 futurum
1441 4305 1646 4384 promittitur.
1671 4306 1800 4367 Addunt
1827 4308 1925 4387 aliqui

315 4401 404 4456 tetur
419 4395 583 4455 falsitatem
599 4413 663 4456 esec
677 4396 851 4470 veritatem,
862 4402 893 4456 et
905 4396 940 4455 in
950 4395 1009 4456 hoc
1024 4416 1096 4457 cou-
1144 4397 1436 4458 Comminatorium.
1452 4402 1488 4456 ut
1512 4415 1544 4456 v.
1570 4414 1602 4474 g.
1622 4415 1680 4477 per·
1709 4397 1805 4458 Heum
1824 4418 1877 4480 eye
1896 4409 1924 4459 te

315 4488 394 4548 sistit
406 4487 587 4566 gravissima
607 4488 725 4549 malitia
740 4487 880 4568 perjurii,
902 4488 1038 4568 Castrop.
1058 4509 1088 4570 p.
1144 4488 1922 4568 eraclonusedhocrelerripotestadpromiasorium.

317 4586 346 4643 1.
358 4601 389 4642 u.
407 4582 436 4642 8.
1146 4582 1181 4642 ln
1196 4581 1393 4642 confessione
1407 4599 1474 4644 non
1486 4598 1564 4660 opus
1576 4585 1622 4640 est
1637 4581 1805 4661 explicare,
1817 4589 1924 4644 atrurn

229 4678 289 4738 260
356 4673 390 4750 Q.
408 4676 458 4734 66.
481 4673 530 4734 An
548 4693 630 4734 omne
645 4677 853 4752 juramentum
868 4670 980 4750 falsum
996 4673 1085 4734 etiarn
1145 4693 1200 4755 per
1210 4676 1318 4748 Deum,
1336 4691 1376 4734 an
1392 4673 1697 4751 Sanctoejuraveris,
1708 4676 1925 4754 munastejns·

310 4771 351 4828 sit
366 4763 569 4845 blaapbnniu?
589 4766 625 4826 R.
637 4765 845 4827 communiter
865 4770 998 4843 negatam
1014 4785 1087 4828 cum
1147 4769 1219 4829 dem
1231 4767 1342 4846 speciei
1352 4766 1480 4840 malitia,
1488 4784 1560 4826 cum
1568 4767 1681 4845 jurans
1690 4785 1818 4848 semper
1827 4771 1926 4830 inten—

312 4861 346 4921 S.
363 4859 474 4920 Thom.
489 4859 519 4916 6.
536 4859 565 4918 t.
582 4877 612 4938 q.
632 4860 679 4919 13.
697 4865 755 4918 ort.
777 4859 805 4917 3.
820 4855 860 4916 ad
872 4859 902 4917 tl.
919 4862 950 4916 et
965 4857 1085 4928 Sench,
1126 4913 1128 4918 .
1148 4861 1201 4944 dat
1215 4862 1313 4920 Deum
1326 4860 1478 4920 adducere
1491 4859 1658 4920 intestam.
1674 4861 1921 4922 Summae.

310 4955 340 5014 iu
353 4950 458 5014 Decet.
475 4949 498 5010 l.
514 4951 545 5010 ⁹2.
564 4969 589 5010 c.
613 4953 662 5012 3⁹2.
678 4971 708 5011 n.
725 4953 774 5011 33.
791 4950 842 5010 sed
858 4951 956 5010 Castr.
968 4957 1008 5011 tr.
1031 4953 1081 5012 17.
1143 4954 1196 5013 rit.
1214 4953 1299 5026 Lugo
1313 4951 1343 5012 d.
1359 4955 1408 5012 16.
1424 4971 1454 5012 n.
1472 4953 1543 5012 286.

310 5045 341 5107 d.
357 5047 386 5106 2.
398 5063 430 5124 p.
447 5044 477 5102 2.
494 5041 523 5122 §.
540 5045 570 5103 3.
586 5061 616 5102 u·
638 5044 668 5104 9.
694 5041 825 5104 dubitat.
848 5044 878 5101 l.
902 5041 979 5114 Quia
997 5041 1085 5119 jurat
1265 5025 1270 5032 ⁵
1387 5094 1609 5156 ADDEND
1626 5097 1654 5156 Α

308 5138 398 5212 falso,
421 5135 494 5196 lacit
520 5137 620 5196 Deum
643 5141 765 5210 testem,
790 5139 821 5196 et
842 5139 1085 5195 aesecurntorem
1658 5140 1666 5157 ⁸
1738 5139 1742 5146 '

311 5229 404 5304 falsi;
431 5241 505 5305 ergo
526 5229 587 5288 Deo
613 5227 731 5301 tribuit,
752 5226 837 5305 quod
852 5225 896 5285 illi
920 5227 1087 5288 convenire
1183 5225 1349 5300 Ouarnoi.
1366 5224 1622 5306 Anjnrcmeutum
1631 5229 1918 5292 anuinium-

311 5340 376 5382 uon
389 5324 500 5400 potest.
516 5321 548 5380 2.
564 5320 678 5394 Quiasi
692 5317 992 5394 diceret,confirmct
1006 5320 1087 5380 Deus
1138 5317 1302 5378 aeutr'aliter
1329 5315 1450 5397 diflerat
1477 5337 1496 5382 a
1527 5319 1734 5398 promtuaria,
1765 5323 1856 5384 etiam
1883 5326 1916 5380 in

311 5412 370 5474 sub
379 5410 1089 5490 testimoniohaucfalsitntem,utiqueblasphe-
1140 5410 1253 5471 ratione
1265 5409 1453 5490 juramenti?
1468 5411 1563 5490 Resp.
1584 5411 1684 5473 Castr.
1708 5414 1744 5476 T.
1766 5417 1816 5477 14.
1841 5413 1868 5476 d.
1882 5417 1914 5474 1.

317 5509 434 5578 maret;
452 5521 525 5580 erqo
540 5503 774 5582 etblasphemat
787 5503 862 5563 falso
872 5493 993 5580 jurans,
1013 5521 1089 5564 nam
1137 5521 1169 5582 p.
1188 5503 1217 5562 2.
1234 5521 1264 5561 u.
1282 5504 1313 5562 7.
1336 5501 1410 5563 dicit
1423 5501 1616 5580 probabilius
1637 5523 1715 5578 esse,
1731 5507 1816 5586 quod
1829 5505 1916 5568 diua

314 5596 462 5656 eumdem
477 5611 602 5656 sensum
615 5595 729 5658 habent
742 5597 815 5656 lalsa
825 5595 1013 5674 juramenta,
1023 5614 1087 5656 nou
1139 5601 1219 5670 narrt,
1237 5595 1311 5674 quia
1328 5595 1362 5654 in
1379 5594 1543 5656 assertorio
1566 5595 1734 5660 invocatam
1748 5601 1828 5662 ocus
1840 5616 1913 5678 pare
