3944 6350
334 457 394 520 sut
985 455 1099 516 nanu
1120 453 1265 516 PRIMUS

297 681 306 698 ‚
335 639 392 702 par
403 621 468 684 dics
481 623 668 702 quindecim,
679 629 749 702 post
762 640 840 701 quos
854 622 947 684 etiam
955 621 1016 701 ipsi
1029 637 1102 698 pro-
1190 620 1217 698 5.
1239 622 1268 680 t.
1292 621 1414 699 Regula
1431 621 1499 699 jam
1512 620 1584 682 data
1592 619 1685 694 valet,
1700 617 1900 697 quamuisnon
1918 611 1954 670 ili

336 713 473 775 hibenda
487 721 532 776 est
551 715 716 787 Confessio,
737 720 768 776 ot
781 714 958 793 recogitatio
970 713 1009 774 de
1030 731 1101 792 pec·
1151 713 1230 772 adsit
1244 713 1303 774 alia
1321 715 1509 794 conjectura,
1527 713 1611 774 valet
1631 717 1736 773 autem
1748 710 1902 772 maxinesi

336 807 411 868 catis
420 807 591 886 praeteritis,
613 808 756 886 quamvis
778 807 864 868 enirn
878 807 956 868 torte
979 807 1101 867 omitte-
1151 811 1301 884 praterea
1315 807 1546 867 accedatunum
1563 824 1603 866 ex
1615 805 1665 866 his
1678 819 1835 882 nunquam
1849 821 1903 882 pec-

336 903 446 960 rentur
468 899 582 978 aliqua,
601 915 667 960 non
693 906 740 961 est
757 899 903 978 obligatio
927 917 999 960 cum
1015 903 1102 958 tanus
1152 899 1239 958 candi
1262 899 1444 973 mortaliter,
1470 903 1524 961 aut
1542 899 1646 978 potius
1665 895 1833 957 moriendi:
1846 913 1904 974 qua

335 990 1103 1072 incommodopreteritascrutandi,remissaautem
1152 991 1237 1052 enim
1251 1009 1333 1070 soepe
1356 997 1429 1052 sunt
1448 992 1519 1052 odio
1538 991 1656 1064 hahita,
1674 989 1700 1050 si
1714 989 1905 1068 posteaplsuc

339 1091 413 1144 sunt
438 1085 545 1146 omnia
570 1085 718 1146 indirecte
741 1103 797 1164 per
817 1085 951 1164 primam
980 1083 1104 1144 absolu-
1152 1087 1308 1158 amentur,
1342 1084 1401 1144 hoc
1436 1084 1581 1146 facillime
1616 1083 1797 1144 advertitur.
1826 1082 1855 1141 4.
1880 1081 1905 1141 Si

333 1173 463 1248 tionem,
499 1177 542 1238 ita
581 1177 659 1238 Con.
688 1177 787 1238 Lohn.
818 1184 849 1239 et
876 1177 938 1238 alii.
969 1176 1103 1254 Ideoque
1152 1176 1276 1254 quanm
1288 1176 1386 1254 magis
1395 1177 1537 1248 advertit,
1552 1179 1716 1244 terreatur,
1732 1179 1763 1234 et
1775 1173 1906 1234 mutinae

337 1270 553 1332 universaliter
576 1271 650 1332 dicit
668 1272 747 1332 Less.
769 1270 804 1331 cle
821 1269 978 1333 oct.l1um.
996 1293 1026 1354 q.
1051 1275 1100 1335 49.
1152 1268 1291 1348 repellat,
1311 1269 1384 1347 quia
1404 1270 1430 1330 si
1447 1269 1569 1330 animm
1583 1274 1676 1328 antea
1687 1267 1777 1346 plene
1792 1283 1906 1326 consen·

335 1383 364 1424 u.
403 1366 454 1425 80.
484 1363 699 1441 scrupulosum
727 1382 792 1424 non
818 1365 919 1424 teneri
937 1366 1105 1446 quicquam
1153 1360 1338 1436 siracusas
1356 1367 1420 1422 tam
1440 1360 1529 1422 laeile
1548 1365 1733 1427 mutaretur,
1749 1357 1907 1438 prasertim

335 1461 474 1535 repetere
492 1456 525 1514 in
543 1454 749 1531 Confessione,
775 1456 834 1516 nisi
850 1461 963 1531 certus,
993 1460 1042 1532 sit,
1073 1477 1104 1520 se
1153 1453 1219 1514 sine
1231 1453 1474 1515 consideratione
1487 1454 1679 1514 motivornm
1692 1451 1906 1531 oppositorum

336 1548 386 1609 vel
403 1565 577 1626 nunqnam,
593 1548 642 1608 val
656 1566 720 1608 non
748 1547 827 1608 bene
841 1567 905 1609 esse
919 1549 1102 1624 contessum,
1154 1551 1185 1607 ct
1209 1547 1233 1606 si
1251 1563 1283 1606 se
1307 1546 1398 1625 plene
1416 1547 1603 1608 avertisscta
1621 1547 1695 1620 Deo,
1709 1561 1774 1604 non
1788 1543 1908 1604 umam

336 1640 488 1720 quamdiu
501 1645 606 1700 autem
624 1639 754 1708 dubitat,
775 1645 876 1700 certus
890 1659 954 1702 non
967 1649 1023 1722 est.
1153 1639 1193 1700 ad
1216 1655 1289 1700 cum
1306 1640 1420 1700 iterum
1438 1643 1678 1700 converteretur.
1707 1638 1737 1696 3.
1769 1636 1804 1695 Si
1821 1635 1908 1695 statim

128 1745 132 1754 '
253 1730 312 1792 543
376 1732 404 1810 §.
421 1735 449 1793 3.
476 1731 507 1792 Si
522 1737 591 1812 post
610 1731 781 1794 adhibitam
805 1734 996 1812 diligentiam
1014 1736 1105 1796 iatam
1153 1745 1223 1812 post
1236 1732 1351 1793 factum
1365 1733 1505 1793 advertat
1518 1751 1550 1792 se
1560 1732 1627 1810 jam
1640 1726 1909 1808 cognosccramali·

337 1824 438 1884 edhue
460 1841 524 1884 non
549 1824 732 1902 acquiescat,
762 1826 815 1886 sed
837 1826 916 1886 dicat
930 1845 962 1888 sc
978 1828 1046 1888 haec
1075 1835 1105 1889 et
1153 1825 1245 1900 tiam,
1270 1843 1363 1904 quam
1384 1833 1455 1885 ante
1483 1843 1548 1885 non
1565 1823 1610 1884 ita
1631 1825 1830 1901 cognoverat,
1854 1825 1909 1880 tan

336 1917 394 1976 ista
426 1922 509 1976 certo
536 1916 652 1991 fecisse,
679 1921 710 1976 et
736 1934 801 1977 non
826 1935 891 1979 esse
919 1919 1103 1996 confasmm,
1154 1918 1239 1978 enim
1252 1918 1375 1995 signum
1388 1923 1443 1993 cst,
1459 1917 1543 1996 quod
1552 1921 1696 1976 antenon
1712 1913 1908 1994 plenecogno·

333 2007 443 2086 jubeat
457 2009 674 2082 Confessarius,
700 2011 735 2069 nt
760 2009 845 2088 juret
863 2029 895 2071 se
921 2012 998 2072 scire
1021 2017 1105 2093 quod
1153 2011 1243 2071 verit.
1265 2013 1294 2069 4.
1313 2009 1346 2070 Si
1366 2009 1544 2071 meminerit
1558 2026 1591 2068 sc
1603 2007 1724 2078 timide,
1740 2011 1773 2066 et
1786 2011 1909 2083 suspect

336 2117 393 2180 per
405 2100 464 2161 hoc
471 2102 605 2180 peccarit
617 2100 798 2174 mortaliter,
812 2107 842 2162 et
849 2104 932 2182 quod
944 2119 1106 2184 nunquam
1154 2103 1351 2184 processisse,
1376 2103 1449 2181 quia
1466 2107 1535 2162 tum
1551 2101 1677 2178 signum
1696 2105 1743 2159 est
1756 2115 1823 2158 non
1836 2097 1910 2175 plene

337 2193 376 2254 sit
403 2193 580 2268 confessus3
603 2193 874 2272 sitimeatjurara,
889 2195 1032 2270 dimittat,
1048 2215 1106 2260 nec
1154 2196 1354 2257 consenuisse.
1385 2195 1415 2255 5.
1444 2194 1572 2254 Situm
1597 2193 1709 2253 habuit
1734 2189 1910 2252 occasionem

337 2286 459 2361 andiat;
474 2304 550 2348 nam
563 2303 628 2346 non
641 2291 687 2347 est
696 2293 809 2360 oenus,
825 2289 877 2349 sed
891 2289 930 2350 ad
945 2307 1105 2352 summum
1155 2288 1298 2368 patrandi
1312 2293 1482 2367 paccatum,
1499 2291 1644 2346 ettamen
1653 2284 1694 2344 ab
1707 2282 1909 2352 illoabstinnit,

338 2379 500 2458 opinatum
533 2379 558 2439 si
581 2379 646 2440 sine
669 2397 758 2440 mora
780 2381 875 2459 juret,
900 2383 1016 2456 audiat,
1037 2388 1105 2444 tum
1155 2381 1279 2459 signum
1293 2387 1348 2453 est,
1375 2379 1457 2459 quod
1478 2396 1543 2439 non
1568 2377 1660 2457 plene
1688 2373 1911 2436 consenseritis

338 2470 423 2532 enim
436 2489 500 2532 non
514 2477 559 2532 est
572 2472 745 2551 scrupsdus.
1155 2473 1231 2533 illud
1246 2473 1441 2552 patrandum.
1467 2473 1496 2531 u.
1526 2471 1559 2530 Si
1575 2469 1704 2538 neseiat,
1720 2487 1762 2528 an
1775 2465 1910 2546 vigilanti,
1966 2517 1967 2538 ,

255 2563 315 2622 544
377 2563 406 2642 g.
429 2567 459 2624 4.
490 2565 522 2626 Si
536 2569 669 2642 angatur
689 2565 769 2626 cirra
782 2568 1041 2644 preparationem
1067 2569 1106 2629 ad
1155 2583 1196 2626 an
1210 2564 1386 2638 dormienti,
1403 2583 1443 2626 an
1460 2563 1574 2638 sobrio,
1590 2581 1631 2622 an
1645 2561 1734 2622 ebrio
1752 2560 1910 2638 contigerit,

338 2656 561 2730 Confessioncs,
591 2658 715 2718 edoceri
742 2657 843 2726 dehet,
867 2661 951 2738 quod
977 2660 1107 2726 sufficiat
1156 2659 1284 2719 sienim
1305 2658 1414 2719 fuisset
1430 2657 1523 2737 plena
1537 2655 1730 2726 deliberatio,
1746 2653 1910 2723 atlibartas

338 2745 508 2824 diligentia.
525 2754 556 2806 ct
569 2747 752 2827 preparatio
765 2747 936 2821 mediocris,
958 2750 1057 2828 qualis
1073 2753 1106 2814 in
1156 2752 1256 2826 sciret,
1269 2769 1310 2811 an
1323 2750 1430 2810 fuisset
1441 2749 1581 2827 vigilans,
1596 2753 1628 2808 ct
1640 2746 1772 2807 sobrius.
1783 2748 1812 2806 ¹1.
1825 2745 1912 2806 Sists·

338 2838 464 2916 negotio
478 2840 584 2917 magni
606 2840 757 2900 momenti
771 2839 810 2899 ab
824 2841 1003 2901 hominihus
1017 2844 1105 2905 adhi-
1155 2845 1212 2905 tim
1226 2849 1295 2923 post
1308 2843 1424 2903 lactum
1437 2841 1567 2913 dubitet,
1586 2858 1627 2900 an
1641 2839 1841 2913 consenserit,
1853 2836 1913 2915 quia

338 2927 448 2989 hetin:
478 2931 579 3009 quoad
611 2931 822 2993 Confessiones
843 2938 947 2993 autem
970 2939 1108 3013 peractas
1154 2936 1258 3018 plausu
1271 2935 1461 2995 comessum
1474 2932 1657 2994 mattulcut
1677 2929 1912 3010 tantaintquitcs,
1966 2991 1967 3022 ,

340 3021 473 3082 deraret
497 3027 527 3082 ct
554 3041 619 3084 non
633 3023 703 3085 ideo
718 3041 783 3084 esse
808 3026 990 3105 repetendas
1004 3031 1107 3107 quoad
1156 3030 1259 3108 inquit
1272 3029 1404 3089 lacobus
1418 3027 1556 3098 sirmas,
1573 3031 1604 3085 et
1626 3029 1697 3104 post
1710 3041 1785 3084 anm
1794 3019 1911 3084 Grauad.
1965 3099 1967 3112 .

337 3113 662 3194 probabiliterfuarint
675 3116 828 3188 invalidae,
849 3118 979 3179 sictiem
993 3123 1106 3199 proha·
1156 3123 1238 3202 apud
1253 3122 1357 3182 Ovied.
1371 3123 1399 3180 i.
1415 3122 1445 3180 4.
1470 3127 1509 3180 tr.
1526 3120 1555 3179 4.
1570 3123 1698 3178 controv.
1727 3120 1757 3177 4.
1771 3135 1801 3176 a.
1826 3117 1871 3176 29.
1889 3123 1913 3172 st
1966 3137 1967 3186 i

338 3207 402 3268 bile
430 3207 469 3268 sit
506 3207 648 3282 valunse,
681 3213 717 3268 ut
748 3209 890 3288 pluribus
917 3211 1037 3272 dicetur
1069 3215 1107 3275 ds
1157 3215 1261 3290 calori,
1275 3219 1327 3274 aut
1344 3211 1481 3293 ipuoruri
1502 3227 1560 3270 uon
1579 3214 1678 3290 pouit,
1703 3207 1753 3269 sed
1766 3209 1798 3268 ia
1820 3206 1914 3268 sumti
1967 3221 1968 3286 ᾗ

341 3300 556 3361 Sacramentis.
1158 3306 1249 3386 focile
1273 3310 1468 3386 apisceretur:
1494 3311 1521 3363 at
1545 3302 1573 3362 ai
1594 3309 1712 3381 peccam
1737 3303 1911 3368 cummim,
1966 3295 1968 3326 ³

256 3389 315 3448 545
379 3391 406 3469 ξ.
431 3393 461 3452 5.
487 3391 520 3453 Si
547 3409 604 3472 pro
627 3393 822 3454 confossione
844 3395 1000 3456 ordinaria
1029 3397 1108 3459 nilsil
1156 3399 1257 3478 inquit
1271 3399 1382 3458 Bonae.
1401 3413 1506 3474 supra,
1521 3391 1611 3474 facile
1624 3399 1807 3472 coquommt
1820 3409 1911 3452 sema

339 3483 455 3564 peccati
472 3484 652 3562 comperiat,
674 3502 738 3544 non
761 3485 830 3544 ideo
853 3485 1007 3560 turbetur,
1034 3491 1108 3568 quia
1155 3489 1447 3571 assumpt-otniae.
1472 3502 1564 3547 nono
1580 3483 1706 3544 nartali
1717 3479 1913 3564 permtomld
1967 3481 1968 3558 ᾖ

338 3576 388 3638 val
410 3593 475 3636 non
498 3577 644 3654 peccavit,
681 3577 731 3637 vel
750 3578 830 3637 Deus
855 3579 884 3638 ci
907 3595 962 3638 sua
989 3579 1108 3642 lumina
1156 3583 1303 3655 obhorret,
1319 3582 1366 3642 uti
1395 3597 1537 3662 suppum,
1556 3595 1622 3638 rum
1656 3577 1696 3636 u't
1730 3571 1914 3637 timoratam
1967 3569 1968 3616 t

338 3669 391 3731 hic
413 3668 577 3740 subtrahit,
604 3675 639 3729 nt
666 3674 753 3729 tanto
780 3670 928 3731 humilior
948 3673 1106 3746 reddatur,
1157 3677 1251 3737 Deum
1280 3673 1471 3747 roruu'eotioe,
1486 3669 1541 3752 qui
1565 3675 1662 3730 autem
1685 3663 1912 3750 adad'quonodr
1966 3679 1968 3732 l

338 3762 469 3841 ideoque
497 3779 570 3822 eum
589 3762 797 3822 Confessarius
822 3762 1019 3824 saldimittat
1035 3784 1108 3827 cum
1156 3763 1445 3840 ualdeabdorrrt,ci
1466 3763 1499 3822 in
1518 3759 1600 3821 illud
1627 3757 1913 3838 inrideamsunt
1967 3751 1968 3818 l

338 3873 438 3927 cruce,
455 3853 505 3914 vel
514 3853 623 3933 jubeat
638 3871 675 3915 ax
689 3853 792 3933 priore
806 3855 869 3914 vita
882 3863 1021 3935 repetere
1035 3859 1106 3918 uni·
1156 3857 1346 3920 obliviscitur.
1360 3855 1461 3917 Ethic
1475 3855 1556 3915 dicta
1569 3853 1784 3914 valentetiam
1797 3865 1912 3932 pronon
1967 3853 1968 3922 ,

339 3953 593 4027 compercutum,
616 3948 699 4027 quod
718 3953 801 4008 carto
819 3947 896 4008 sciat
915 3967 947 4010 se
960 3950 1107 4010 antechac
1157 3949 1351 4030 scrupulosis.
1967 4017 1968 4020 Ἴ

339 4040 603 4101 emecontessum.
1197 4043 1267 4122 §.3.
1284 4036 1550 4116 Quamvishomo,
1566 4037 1699 4116 qainon
1718 4037 1912 4098 manarate
1927 4053 1968 4120 sa

254 4129 313 4188 545
380 4133 413 4208 O.
428 4132 886 4214 'Itouraaamrrquloescrus'aut
899 4134 1108 4216 dliquisset·
1157 4135 1362 4210 conscientia,
1378 4131 1433 4211 qui
1447 4131 1524 4191 solet
1538 4129 1724 4205 consentire,
1738 4142 1911 4190 excommu-

334 4225 632 4304 pausemitanae
652 4226 945 4288 tentatr'oar'intrraoe
965 4245 1106 4290 concausa-
1157 4229 1240 4288 niter
1257 4223 1506 4300 contingentibus
1528 4221 1638 4284 debeat
1650 4222 1685 4281 in
1699 4221 1797 4282 dnbio
1812 4235 1911 4301 prm
1966 4231 1968 4252 ²

338 4314 406 4376 rit?
421 4319 462 4376 R.
479 4335 542 4395 seq.
1156 4313 1911 4391 mercscconsensissc,tamcnrcctenotatllcrinrs
1966 4305 1968 4382 ξ

378 4407 396 4485 5
424 4411 452 4469 4.
470 4413 485 4469 4
501 4409 669 4488 Nunquam
691 4409 795 4470 credat
808 4427 839 4470 se
852 4413 1024 4474 mortaliter
1036 4429 1106 4493 pec·
1157 4429 1261 4491 snpra,
1274 4411 1298 4472 si
1313 4410 1438 4490 coeperit
1452 4409 1531 4469 serio
1545 4407 1695 4482 converti,
1709 4405 1912 4486 sepelierint
1966 4397 1968 4472 j

339 4517 433 4577 casse,
463 4501 522 4561 nisi
539 4507 622 4562 carto
648 4502 733 4577 sciat,
760 4503 825 4562 imo
848 4504 952 4578 etiarn,
974 4507 999 4566 si
1017 4506 1107 4568 ualde
1156 4506 1251 4582 longo
1269 4509 1407 4583 tempore
1428 4501 1579 4561 inhaereat
1603 4497 1798 4574 cog'tationi,
1825 4511 1911 4574 ncqsu
1966 4489 1968 4560 l

339 4593 536 4672 semipulosus
550 4593 598 4668 sit,
611 4593 718 4671 jurare
730 4593 842 4654 audeat
855 4597 988 4675 sapiens
1003 4599 1108 4660 adver·
1157 4603 1262 4658 tamen
1289 4594 1478 4656 consentiat:
1502 4609 1538 4652 eo
1559 4591 1643 4670 quod
1666 4589 1790 4650 habitus
1810 4587 1911 4667 antiqui
1965 4561 1968 4640 1

339 4685 410 4746 tissa
424 4686 576 4746 malitiam
589 4701 727 4764 gravem,
747 4691 778 4747 ct
800 4687 834 4746 in
847 4705 915 4748 eam
930 4689 1020 4768 plena
1034 4711 1107 4754 con-
1158 4689 1340 4750 naturaliter
1362 4691 1529 4766 operentur
1549 4683 1688 4763 primum
1713 4690 1842 4756 motum,
1865 4697 1910 4740 aar

340 4778 487 4852 sensisse;
518 4778 591 4838 hinc
618 4779 711 4838 etiam
740 4796 797 4858 pro
823 4778 1016 4843 conscientiis
1044 4802 1108 4845 non
1158 4797 1280 4861 semper
1302 4779 1398 4860 possit
1415 4778 1522 4847 homo,
1537 4775 1606 4835 aliis
1619 4775 1770 4847 intentus,
1788 4775 1910 4834 muman

339 4869 525 4950 scrupulosis
547 4869 754 4930 communiter
775 4876 884 4932 notant
902 4873 1062 4952 ductores,
1078 4881 1109 4937 at
1158 4874 1317 4936 advertere
1340 4871 1379 4932 ad
1401 4869 1490 4929 illurn
1509 4873 1573 4928 tam
1594 4867 1654 4928 cito
1682 4866 1908 4946 reprimendum.

339 4961 479 5022 absolute
493 4962 601 5023 dicunt
615 4963 716 5023 Bonae
728 4961 847 5042 deperc.
859 4962 890 5023 rl.
902 4966 930 5025 4.
943 4985 972 5046 q.
989 4969 1018 5027 2.
1026 4986 1063 5047 p.
1077 4971 1104 5030 3.
1150 4967 1243 5047 'qaod
1255 4965 1337 5026 valet
1350 4963 1388 5023 dc
1402 4961 1558 5036 omnibus,
1574 4957 1628 5020 sed
1648 4960 1784 5020 maxime
1796 4959 1827 5019 in
1840 4971 1909 5017 scru-

341 5073 371 5116 η.
398 5057 447 5116 49.
474 5057 563 5134 Sayr.
585 5054 616 5114 ia
638 5053 720 5116 rlaul
740 5053 872 5136 Rapiat.
891 5059 918 5118 8.
940 5076 965 5117 r.
983 5064 1012 5119 7.
1030 5079 1059 5121 a.
1074 5063 1105 5122 6.
1158 5059 1284 5140 pulosia,
1301 5057 1356 5136 qui
1371 5072 1390 5114 a
1403 5054 1684 5135 pcccatisreranter
1695 5053 1905 5112 conver-tantm.

341 5149 455 5227 Regin.
481 5147 504 5208 l.
526 5150 574 5207 45.
599 5165 630 5206 a.
655 5149 706 5207 tu.
728 5149 863 5209 Herincx
879 5148 915 5210 de
931 5167 1013 5230 perr.
1030 5151 1058 5212 d.
1076 5156 1105 5214 7.
1199 5153 1227 5230 ξ.
1241 5153 1270 5211 4.
1286 5151 1344 5210 Pro
1358 5153 1441 5209 certo
1454 5144 1625 5206 tenendum
1640 5150 1687 5204 est
1700 5145 1909 5220 nihilessapcc
1925 5133 1968 5226 519!

341 5256 371 5298 a.
397 5239 446 5298 44.
472 5233 619 5297 Boscodr
637 5237 734 5316 pauit
752 5235 783 5296 d.
806 5240 836 5298 ¹1.
856 5255 880 5298 s.
903 5239 933 5298 8.
949 5259 978 5300 a.
997 5243 1066 5301 404.
1082 5245 1111 5302 44
1160 5233 1907 5318 catum,nisitum,quandocommittitm,adrar-
1967 5265 1968 5272 .

341 5331 411 5389 l0'l.
427 5329 482 5408 qui
497 5331 649 5390 timoratae
667 5335 714 5389 cst
728 5329 933 5405 conscientia,
956 5349 1013 5392 nec
1035 5333 1112 5394 solet
1159 5339 1243 5394 tatur
1275 5329 1417 5391 malitia:
1453 5327 1538 5408 quod
1565 5325 1649 5386 enim
1682 5325 1790 5404 aliquis
1821 5326 1907 5402 posim
1967 5351 1968 5396 ς

343 5419 1112 5500 pleneadvertensronsentlre,polestindubiocrc
1161 5426 1310 5496 advertat,
1331 5427 1376 5482 cst
1401 5419 1587 5481 conscientia
1605 5432 1827 5497 sequensque
1843 5408 1905 5472 nihil
1967 5405 1968 5480 1

341 5513 425 5580 dere,
436 5531 541 5573 senon
550 5514 640 5593 plene
649 5515 967 5593 consensissc,quiaex
976 5533 1113 5576 commu·
1162 5517 1201 5577 ad
1214 5533 1281 5576 rom
1290 5515 1371 5589 facit,
1389 5519 1423 5573 ut
1436 5513 1553 5572 dictum
1567 5515 1613 5570 est
1621 5525 1710 5570 num.
1724 5511 1773 5569 44.
1966 5485 1968 5530 1

344 5603 427 5664 nitar
440 5605 741 5683 contingentibusast
753 5607 889 5685 prudens
898 5609 1108 5686 praesumptio.
1201 5604 1228 5686 ᾖ.
1251 5607 1281 5668 a.
1298 5605 1430 5672 Quianclo
1444 5594 1904 5675 alumnusalumnus&
1920 5607 1968 5692 ⁵5⁰}
