4200 6348
470 408 508 465 :a
1075 406 1186 467 arasa
1210 369 1443 470 ruonuouus

470 571 611 634 Ceterum
620 571 845 652 Propositiones
854 570 888 630 in
897 570 977 632 dieto
983 569 1063 631 libro
1070 577 1233 649 contentae,
1285 573 1352 634 vult
1375 589 1507 652 purgare
1521 587 1671 646 amorem,
1686 567 1810 630 nullum
1823 567 1852 630 ei
1866 566 2041 628 ostendendo

469 683 546 746 quas
555 665 721 745 Apostolici
732 681 860 726 censura
866 662 988 742 judicii,
997 663 1077 724 sieut
1098 665 1236 744 praemit·
1284 664 1471 746 perfugium,
1490 681 1591 743 neque
1614 662 1711 723 ullam
1733 677 1820 741 spem
1842 659 1949 740 quoad
1966 677 2042 720 suum

469 759 554 834 titur,
580 757 777 837 configendas
796 757 953 828 duximus,
970 774 1008 816 ex
1027 756 1140 818 Galheo
1156 757 1235 818 idio·
1284 757 1431 820 interesso
1444 756 1618 838 proprium,
1634 754 1728 816 etiam
1742 761 1907 814 aeternum.

469 855 551 912 mate
578 851 612 911 in
635 851 768 911 latinum
795 867 901 926 versa,
928 852 1001 909 sunt
1026 849 1153 927 tenoris,
1182 847 1237 929 qui
1326 852 1414 912 VIII.
1438 849 1547 912 Omnia
1560 847 1718 926 sacrificia,
1735 865 1805 927 quaa
1825 843 1894 906 fieri
1907 843 2041 906 solentah

469 943 617 1024 sequitur,
633 943 785 1005 videlicet.
1286 942 1465 1018 Animabus,
1474 960 1568 1021 quam
1579 938 1714 1002 maxime
1727 937 1965 1000 disinteressatis
1978 937 2043 997 cher

508 1037 534 1096 I.
550 1038 646 1097 Datur
657 1035 823 1097 habitualis
830 1042 926 1098 status
939 1035 1053 1098 amoris
1066 1034 1120 1096 Dei
1130 1035 1183 1115 qui
1192 1039 1237 1096 est
1286 1052 1393 1096 earum
1412 1041 1561 1096 aternam
1578 1033 1801 1095 beatitudinem
1815 1035 1889 1092 sunt
1910 1029 2043 1091 conditio

468 1129 606 1190 Charitas
630 1149 718 1210 pura,
733 1135 763 1191 et
777 1129 1114 1191 sineullaadmirtione
1127 1127 1235 1189 motivi
1286 1127 1408 1190 nala...
1425 1127 1485 1189 Sed
1506 1127 1566 1188 hoc
1582 1125 1767 1187 sacrificium
1787 1143 1852 1186 non
1870 1127 1973 1203 potest
1991 1141 2043 1183 esse

467 1223 586 1303 proprii
610 1223 766 1284 iuteresse.
795 1224 901 1303 Neque
934 1223 1027 1283 timor
1058 1239 1233 1300 poenarum,
1285 1219 1461 1282 absolutum
1479 1220 1513 1280 iu
1533 1225 1614 1282 statu
1628 1217 1797 1280 ordInario.
1819 1217 1854 1277 ln
1876 1234 1942 1277 uno
1957 1220 2042 1277 extre-

466 1335 567 1396 noque
593 1315 778 1378 desiderium
809 1315 1096 1377 remunerationum
1119 1313 1236 1375 habent
1284 1329 1407 1374 marum
1421 1313 1641 1395 probationum
1656 1310 1798 1373 easuhoc
1811 1307 2003 1371 Sacrificium
2016 1307 2043 1368 fit

466 1408 599 1488 amphus
613 1407 647 1469 in
666 1427 703 1470 eo
723 1414 855 1488 partem.
877 1409 947 1470 Non
964 1412 1088 1468 amatur
1101 1406 1235 1487 amplius
1284 1406 1388 1487 aliquo
1402 1407 1494 1468 modo
1508 1406 1697 1467 absolutum.

466 1501 547 1563 heus
559 1506 684 1582 propter
695 1501 852 1578 meritum,
868 1519 970 1580 neque
982 1511 1108 1580 propter
1120 1498 1235 1579 perlec-
1324 1500 1382 1561 IX.
1399 1495 2042 1581 Inextremisprohationihuspotestanima

465 1593 593 1670 tionem,
610 1613 711 1674 neque
726 1592 1086 1676 proptertelioitatemin
1100 1593 1233 1654 amando
1283 1591 1502 1654 invincibiliter
1535 1609 1717 1673 persuasum
1755 1607 1820 1652 esse
1856 1589 2041 1669 persuasione

463 1686 694 1748 inveniendam.
1283 1685 1407 1763 reflexa,
1421 1691 1452 1746 et
1469 1703 1539 1765 quas
1558 1703 1623 1746 non
1643 1689 1689 1746 est
1709 1681 1840 1743 intimus
1859 1681 2041 1744 couscientia

506 1779 543 1840 Il.
561 1780 596 1840 In
618 1785 700 1840 statu
718 1778 788 1840 ritae
812 1777 1068 1858 contemplativae,
1085 1777 1148 1840 sive
1166 1777 1234 1840 uni-
1281 1777 1406 1856 bradua
1423 1797 1455 1840 se
1465 1779 1547 1858 juste
1559 1776 1757 1857 reprobatam
1771 1793 1835 1838 esse
1849 1793 1869 1837 a
1885 1777 1964 1838 Deo.

463 1871 535 1934 tiuee
558 1871 710 1934 amittitur
730 1889 823 1933 omne
841 1872 994 1934 motivum
1015 1870 1233 1933 interessatum
1323 1871 1365 1933 X.
1380 1872 1468 1932 Tunc
1481 1870 1586 1934 anima
1601 1869 1706 1932 divina
1719 1888 1738 1930 a
1751 1868 1921 1948 semetipsa
1941 1867 2041 1948 expirat

462 1963 593 2040 timoris,
607 1971 638 2027 et
647 1965 722 2045 spei.
1283 1982 1356 2025 curn
1376 1963 1495 2025 Christo
1511 1963 1546 2025 in
1565 1963 1661 2024 Cruce
1682 1982 1689 2023 :
1715 1961 1844 2023 dicens:
1864 1961 1958 2036 Deae,
1979 1960 2040 2024 beo

503 2057 555 2118 III.
578 2057 621 2127 ld,
642 2058 727 2138 quod
752 2062 797 2118 est
824 2055 984 2119 essentiale
1008 2057 1043 2118 in
1065 2056 1232 2120 directione
1283 2075 1372 2130 meas,
1393 2063 1426 2117 ut
1444 2055 1518 2139 quid
1536 2041 1725 2136 dereliquisti
1743 2051 1813 2116 me?
1834 2054 1870 2114 ln
1890 2055 1953 2116 hac
1969 2054 2039 2115 iuro

462 2149 601 2229 Animae,
629 2156 686 2228 est,
706 2169 771 2212 non
796 2149 883 2212 aliud
901 2149 1010 2226 Iacere,
1030 2167 1125 2230 quarn
1143 2149 1232 2230 sequi
1282 2148 1419 2212 luntaria
1446 2149 1648 2229 impressione
1677 2147 1903 2229 desperationis
1937 2147 2041 2209 conficit

462 2241 652 2324 pedetentim
674 2244 803 2322 gratiam
830 2261 903 2304 cunr
926 2242 1047 2304 infinita
1071 2241 1229 2323 patientia,
1284 2243 1466 2305 sacrificium
1492 2242 1670 2304 absolutum
1693 2241 1742 2303 sui
1766 2241 1916 2302 interesse
1941 2239 2041 2322 proprii

461 2335 682 2416 praecautione,
704 2341 735 2396 et
757 2335 935 2398 subtilitate.
960 2337 1087 2416 Oportet
1104 2353 1136 2397 se
1150 2336 1232 2398 intra
1283 2336 1384 2416 quoad
1400 2335 1615 2398 aeternitatem.

461 2427 518 2489 hos
530 2429 644 2490 limites
658 2428 828 2503 continere,
844 2434 879 2488 ut
897 2427 1016 2488 sinatur
1030 2429 1111 2489 Deus
1126 2447 1228 2508 agere,
1321 2430 1376 2492 XI.
1393 2430 1428 2490 In
1437 2430 1496 2492 hoc
1505 2435 1587 2490 statu
1596 2427 1700 2490 anima
1709 2425 1824 2489 amittit
1833 2445 1963 2490 omnem
1970 2444 2040 2508 spem

461 2527 492 2582 et
511 2537 674 2600 nunquam
690 2521 730 2582 ad
744 2539 860 2601 purum
873 2538 1012 2582 amorem
1026 2522 1149 2598 ducere,
1171 2521 1231 2584 nisi
1281 2521 1330 2582 sui
1342 2523 1461 2603 proprii
1475 2522 1633 2599 iuteresse,
1648 2521 1702 2583 sed
1715 2539 1881 2600 nunquam
1894 2521 2040 2582 amittItin

460 2615 585 2695 quando
607 2616 688 2675 Deus
700 2631 756 2695 per
771 2614 949 2675 unctionem
964 2614 1145 2676 interiorem
1159 2615 1232 2676 inci·
1280 2621 1367 2695 parte
1381 2615 1544 2695 superiori,
1559 2615 1648 2692 idest,
1662 2615 1695 2674 in
1715 2613 1777 2674 suis
1796 2613 1917 2676 attibus
1934 2611 2041 2676 directis

460 2708 506 2786 pIt
516 2707 635 2788 aperire
649 2726 702 2768 cor
715 2707 788 2768 huic
800 2707 906 2784 verbo,
924 2707 1008 2786 quod
1025 2707 1102 2768 adeo
1116 2707 1231 2769 durum
1281 2713 1312 2768 et
1318 2707 1434 2768 intimis
1448 2726 1535 2788 spem
1544 2706 1800 2788 perfectamque
1810 2710 1857 2767 est
1866 2705 2040 2769 desiderium

460 2805 506 2862 est
518 2800 688 2876 :animabus
714 2800 815 2861 adhue
836 2799 960 2860 sibimet
987 2799 1097 2878 affixis,
1111 2804 1142 2862 et
1160 2800 1230 2862 ideo
1280 2798 1545 2862 disiutcressatum
1558 2800 1811 2882 promissIonum.

460 2891 633 2973 potestillas
641 2892 917 2971 scandalizare,aut
925 2891 957 2952 in
965 2891 1230 2972 perturbationem
1319 2894 1393 2954 XII.
1417 2893 1554 2955 Director
1566 2899 1641 2954 tuno
1654 2897 1756 2973 potest
1771 2893 1845 2953 huic
1859 2892 1974 2955 animae
1986 2909 2041 2974 per·

460 2985 622 3065 conjicere.
1279 2983 1412 3064 mittere,
1428 2991 1463 3048 ut
1480 2985 1661 3066 sImpliciter
1674 2983 1848 3064 adredeseat
1866 2983 2040 3065 jactantesui

499 3077 555 3140 IV.
577 3077 613 3138 In
640 3083 721 3138 statu
745 3077 865 3139 Sancta
887 3075 1103 3138 indifferentiae
1126 3076 1229 3139 anima
1278 3077 1395 3158 proprii
1429 3079 1575 3141 iuteresse
1608 3084 1639 3140 et
1666 3077 1758 3158 justae
1786 3078 2040 3154 condemnationi,

460 3187 524 3231 uon
548 3169 642 3232 habet
664 3169 799 3251 amphus
821 3169 972 3230 desideria
998 3169 1174 3230 voluntaria
1199 3178 1229 3232 et
1278 3189 1373 3250 quam
1387 3171 1474 3233 aihta
1488 3173 1551 3234 Deo
1566 3171 1713 3232 indictam
1727 3171 1835 3233 credit.

459 3263 628 3324 deliberato
636 3269 763 3344 proptor
774 3279 866 3323 suurn
875 3262 1034 3339 interesse,
1046 3262 1180 3342 exceptis
1191 3263 1229 3326 iis
1317 3265 1407 3324 XIII.
1420 3263 1548 3326 Inferior
1555 3263 1665 3325 Christi
1672 3283 1743 3345 pars
1752 3264 1888 3328 inCruce
1896 3285 1963 3328 non
1974 3283 2041 3328 corn·

459 3355 680 3430 occasionibus,
697 3356 730 3415 in
749 3354 862 3434 quihus
875 3354 931 3415 toti
952 3371 1015 3415 suae
1032 3355 1138 3434 gratiae
1151 3355 1227 3418 fide·
1277 3355 1448 3418 manicavit
1466 3355 1617 3437 superiori
1642 3375 1714 3418 suas
1736 3356 1963 3421 involuntarias
1986 3377 2041 3440 per

458 3447 813 3526 liternoncooporatur.
1277 3448 1477 3512 turbationes.

497 3539 538 3600 V.
568 3539 604 3600 ln
636 3540 745 3601 eodem
768 3543 848 3600 statu
871 3546 984 3600 sanctes
1011 3538 1227 3603 indifferentiae
1317 3541 1405 3603 XIV.
1429 3543 1463 3602 ln
1473 3541 1618 3604 extremis
1626 3541 1861 3624 probationibus
1874 3564 1934 3625 pro
1949 3545 2040 3627 purifi·

457 3630 537 3693 nihil
550 3631 649 3707 nobis,
667 3631 772 3693 omnia
790 3633 853 3693 Deo
866 3631 1021 3694 volumus.
1039 3633 1120 3694 Nihil
1134 3634 1226 3696 volu·
1277 3633 1396 3694 catione
1421 3633 1536 3697 amoris
1555 3635 1594 3696 sit
1614 3635 1758 3715 quaedam
1781 3638 1936 3718 separatio
1957 3638 2039 3720 partis

457 3739 539 3800 mus,
559 3730 594 3785 ut
607 3724 703 3786 simus
717 3723 842 3803 perlecti
861 3730 891 3784 et
906 3724 989 3786 beati
1008 3732 1134 3806 propter
1148 3725 1228 3788 inte-
1277 3725 1442 3806 superioris
1456 3727 1568 3788 anirnae
1581 3726 1620 3787 ah
1633 3726 1824 3789 inferiori...
1841 3730 1876 3790 ln
1890 3730 1950 3792 ista
1965 3749 2038 3812 sepa·
2092 3753 2093 3756 ¹

457 3835 538 3879 resse
557 3817 729 3898 proprium,
747 3816 799 3877 sed
820 3832 946 3877 omnem
961 3815 1180 3897 perfectionem
1194 3838 1228 3880 ao
1277 3818 1396 3880 ratione
1422 3825 1508 3881 aetus
1533 3819 1629 3900 partis
1660 3819 1813 3882 inferiorIs
1847 3830 1980 3885 manant
2009 3839 2039 3884 ex

456 3908 681 3971 beatItudinem
713 3908 870 3986 volumus,
906 3909 939 3969 in
974 3915 1127 3988 quantum
1166 3911 1227 3972 Deo
1276 3911 1498 3973 omninoeaeca
1519 3917 1551 3974 ct
1569 3911 1778 3975 involuntaria
1795 3916 2037 3994 perturbatione;

455 4003 555 4083 placet
574 4002 705 4078 efficere,
725 4007 762 4062 ut
784 4001 916 4062 velimus
935 4019 984 4062 res
1007 4001 1080 4063 istas
1101 4003 1229 4083 Impres
1277 4022 1342 4064 non
1362 4009 1474 4082 toturn,
1499 4005 1582 4085 quod
1609 4005 1821 4068 voluntarium
1842 4007 2039 4072 intellectuale

455 4095 541 4156 sione
554 4114 619 4156 suae
633 4095 751 4174 gratiae.
812 4095 814 4098 ’
1277 4103 1323 4157 est
1336 4097 1432 4176 partis
1446 4097 1623 4178 superioria.

496 4190 552 4250 VI.
570 4189 605 4248 ln
618 4187 677 4248 hoe
691 4192 803 4248 sanetae
818 4185 1034 4248 indifferentiae
1045 4193 1127 4249 statu
1140 4190 1229 4252 nolu·
1316 4190 1388 4251 XV.
1408 4189 1565 4251 Meditatio
1588 4197 1709 4252 constat
1726 4192 1902 4256 discursiiis
1918 4196 2037 4270 actibus,

456 4279 671 4361 musamphm
691 4279 833 4355 salutem,
849 4284 885 4339 ut
905 4279 1039 4340 salutem
1056 4281 1224 4361 propriam,
1276 4279 1331 4360 qui
1344 4300 1363 4342 a
1376 4300 1408 4344 se
1421 4283 1554 4344 invicem
1573 4282 1661 4346 facile
1675 4283 1911 4366 distinguuntur
1913 4333 1975 4350 .....
1989 4289 2039 4348 Ista

456 4382 492 4434 ut
500 4373 715 4435 liberationem
738 4377 898 4448 aeternam,
914 4375 950 4432 ut
963 4373 1138 4435 mercedem
1151 4393 1227 4436 nos·
1276 4376 1457 4456 compositio
1471 4381 1599 4438 actuum
1612 4377 2039 4458 discursiirorum,etressexc

455 4472 577 4528 trorum
612 4464 807 4540 meritorum,
839 4471 875 4525 ut
907 4470 1049 4527 nostrum
1081 4466 1228 4530 interesse
1276 4467 1837 4549 rumestpropriaexerchatioamoris
1846 4473 2036 4536 interressati.

456 4561 599 4623 omnium
608 4561 780 4620 maximum
797 4578 804 4618 :
820 4557 1228 4622 sedeamvolumusvolun-
1316 4561 1404 4622 XVI.
1430 4562 1526 4623 Datur
1549 4568 1645 4624 status
1672 4566 1942 4646 contemplationis
1971 4567 2037 4629 adeo

454 4659 517 4715 tate
535 4653 637 4734 plena,
655 4657 692 4713 ut
713 4651 844 4731 gloriam
862 4656 893 4713 et
910 4651 1138 4732 beneplacitum
1159 4653 1225 4728 hei,
1276 4649 1427 4730 sumeis
1438 4653 1577 4733 adeoque
1592 4654 1855 4734 perlectae,uthat
1867 4659 2035 4732 habitualis,

455 4753 586 4824 utrem,
612 4762 707 4826 quam
730 4746 796 4824 ipsc
818 4744 895 4822 vult,
916 4750 947 4805 et
967 4763 1062 4824 quam
1080 4764 1137 4807 nos
1159 4747 1227 4808 vult
1275 4745 1318 4807 ita
1333 4750 1367 4805 ut
1381 4745 1501 4825 quoties
1514 4746 1619 4808 anima
1638 4753 1709 4809 actu
1723 4756 1802 4829 orat,
1823 4770 1878 4813 sua
1895 4753 1993 4814 oratio
2005 4751 2038 4812 sit

455 4839 533 4902 velle
545 4844 670 4920 propter
684 4837 798 4918 ipsum.
1275 4837 1522 4918 contemplativa,
1537 4858 1602 4901 non
1612 4840 1789 4904 discursive.
1806 4845 1892 4906 Tunc
1904 4863 1971 4906 non
1983 4863 2037 4905 am·

495 4931 568 4994 VII.
591 4931 753 4992 Dereliotio
767 4934 892 4992 nonest
906 4929 966 4990 nisi
979 4930 1155 5011 abnegatio,
1171 4951 1226 4994 seu
1274 4930 1356 5011 plius
1368 4931 1486 5011 indiget
1498 4933 1599 4994 redire
1611 4933 1650 4994 ad
1664 4934 1906 5016 meditationem,
1918 4939 2036 5019 ejusque

455 5023 500 5087 sui
516 5023 614 5104 ipsius
626 5023 830 5098 renunciatiO,
847 5040 941 5102 quarn
954 5024 970 5083 l
974 5041 1043 5084 esus
1057 5024 1194 5086 Christus
1207 5045 1226 5088 a
1274 5030 1361 5086 actus
1378 5022 1578 5086 methodicos.

454 5115 586 5179 nobIsin
600 5116 764 5195 Evangelio
776 5114 916 5194 requirit,
926 5120 1092 5194 postquam
1100 5121 1226 5179 externa
1315 5117 1418 5178 XVII.
1448 5115 1568 5178 Animae
1602 5118 1849 5199 contemplatisse
1881 5122 2035 5202 privantur

455 5210 561 5271 omnia
581 5207 884 5288 reliquerimus.1sta
905 5208 1003 5267 nostri
1016 5208 1156 5287 Ipsorum
1169 5211 1224 5271 ab·
1274 5209 1390 5270 intuitu
1415 5208 1569 5287 distincto,
1599 5211 1747 5288 sensibili,
1777 5219 1809 5274 et
1831 5214 1945 5278 reflexo
1960 5218 2033 5278 -Jmu

453 5301 577 5382 negatio
598 5318 663 5361 non
688 5306 744 5377 est,
774 5299 834 5360 nisi
857 5298 960 5379 quoad
982 5299 1130 5362 interesse
1152 5320 1224 5382 pro·
1274 5301 1390 5363 Guarsrr
1402 5300 1523 5362 duobus
1535 5302 1727 5382 temporibus
1736 5303 1911 5369 diversis...
1926 5307 2051 5382 Prima·

452 5393 772 5475 prium....Extremae
780 5388 1225 5471 probationes,inquibushaec
1274 5395 1309 5454 in
1322 5392 1596 5456 lervorcnaseente
1606 5412 1714 5456 earum
1722 5399 2029 5478 contemplationis...

453 5484 627 5565 abnegatio,
643 5500 699 5545 seu
723 5482 885 5562 suiipsius
908 5483 1064 5544 derelictio
1089 5489 1226 5549 exerceri
1275 5485 1426 5556 Secundo,
1436 5487 1548 5550 hninm
1558 5488 1670 5550 amittit
1680 5489 1831 5552 intuitum
1839 5492 1914 5554 lusu
1926 5493 2030 5555 Causa

452 5575 556 5656 debet,
565 5581 637 5638 sunt
646 5575 842 5653 tentationes,
853 5574 966 5656 quibus
976 5577 1056 5637 Deus
1064 5580 1227 5642 aemulator
1275 5580 1308 5641 in
1322 5579 1468 5641 extremis
1482 5579 1727 5660 probationibus.
