3938 6338
301 397 360 458 222
908 397 1020 458 LIBER
1041 395 1275 459 PRODROMUS

301 559 1068 640 emorimur-amanamproptereainsectabimm‚
1119 561 1222 643 palam
1233 559 1411 622 contradicet
1422 568 1517 621 saneto
1529 559 1669 642 Greporto
1677 559 1878 642 nyssenus

301 653 448 732 nullaque
462 654 633 714 reverentia
645 653 854 730 tractabimus,
871 653 1068 730 Lutharanis,
1118 652 1280 735 timpaenda
1301 661 1370 716 sunt
1399 660 1550 735 tempora:
1586 658 1695 715 ueritas
1715 652 1878 734 pedetentim

303 745 501 818 calvinianis,
518 751 549 806 ct
562 745 681 807 caeteris
694 745 844 824 ejusmodi
855 746 991 826 pastibus
1014 748 1072 807 llo·
1119 745 1296 808 elucidatur.
1353 748 1428 808 Post
1474 746 1543 809 haec
1586 745 1670 808 aliud
1718 747 1880 826 exemplum

302 855 429 899 manain
444 838 609 898 Ecclesiam
622 839 890 917 proscindendam,
906 845 1071 918 sanctaque
1119 837 1236 918 profert
1269 839 1377 918 Lupus
1412 857 1451 900 es
1478 839 1597 900 Hilario
1636 840 1669 900 in
1695 837 1800 900 Marti.
1823 858 1878 920 cap.

302 931 408 992 omnia
421 931 638 1011 proculcanda,
653 930 762 992 demus
776 949 898 993 necesse
913 937 969 993 est.
1120 933 1171 993 33.
1197 931 1358 993 Ambrosio
1398 932 1433 992 in
1462 929 1598 1013 Symboli
1628 936 1807 1013 sepositimse
1826 951 1879 1012 rap.

342 1023 402 1084 Sed
420 1041 459 1083 ex
478 1022 651 1084 Christiano
668 1025 765 1104 Lupo,
781 1024 999 1103 Augsutiniani
1014 1026 1072 1084 Or·
1123 1025 1171 1084 13.
1200 1024 1372 1103 Epiphanio
1395 1021 1501 1085 iamsi
1523 1025 1574 1084 ao.
1597 1042 1662 1106 cap.
1684 1027 1715 1085 2.
1733 1030 1765 1086 et
1786 1023 1883 1084 danim

302 1115 382 1176 dinis
404 1115 551 1195 scriptore
572 1115 707 1194 egregio,
733 1133 834 1195 neque
862 1117 1072 1177 casuistarum
1120 1115 1231 1178 haerssi
1245 1118 1297 1178 69.
1312 1135 1378 1198 cap.
1394 1118 1443 1178 61.
1461 1117 1795 1198 etLeporiosecuudae
1812 1116 1882 1178 Nar·

302 1207 563 1289 vituperatoribus
571 1209 740 1269 admodum
754 1214 906 1289 suspecto,
922 1209 1025 1287 aliqua
1038 1209 1072 1269 in
1121 1208 1252 1270 bunensi
1267 1207 1373 1270 Gallica
1391 1209 1545 1271 Monaaho
1565 1208 1690 1291 epistola
1702 1207 1743 1270 ad
1756 1207 1883 1270 Proetum

302 1301 530 1362 camdemcani
542 1305 679 1362 mentem
691 1307 949 1363 commentemur.
966 1302 1001 1361 ln
1014 1301 1074 1362 dis·
1123 1300 1346 1374 Massilienses,
1365 1310 1392 1361 et
1415 1300 1561 1363 Cilshium
1581 1302 1763 1383 Episcopum
1781 1302 1886 1382 Aquen-

303 1393 468 1456 sarlatione
478 1393 516 1454 dc
532 1393 673 1474 Opr'nione
684 1393 829 1475 probabili
839 1413 904 1475 cap.
921 1396 970 1471 li,
987 1411 1073 1472 quae·
1121 1409 1191 1469 sem,
1206 1393 1337 1454 loannis
1355 1393 1391 1454 11.
1408 1394 1578 1470 Pontificis,
1602 1395 1621 1456 J
1623 1394 1735 1454 oannis
1749 1393 1883 1466 esaiani,

303 1487 345 1547 rit
362 1485 499 1547 eruditus
517 1485 635 1564 Lupus,
658 1505 697 1546 on
710 1505 806 1548 menes
819 1486 996 1548 Sanctorum
1011 1484 1073 1547 Pa·
1125 1485 1262 1546 Facundi
1289 1485 1521 1548 Hermianansis
1555 1487 1708 1566 Episcopi,
1746 1485 1885 1547 Germadii

302 1585 384 1639 trum
397 1577 1076 1660 mutentursiintuercprolabiles‘iltespondet
1123 1575 1887 1658 narniensis,atqueadeooamhsgimenstssmou

303 1676 408 1732 autem
431 1670 594 1751 meabant
617 1671 763 1751 nepatiae.
784 1671 872 1746 Quod
893 1687 1076 1751 responsum
1124 1667 1270 1748 suffragio
1284 1669 1502 1749 comprobata,
1520 1671 1574 1751 qui
1588 1687 1697 1732 omnes
1714 1671 1885 1744 docuerunt,

303 1780 396 1825 suum
409 1763 572 1843 utprobet,
585 1781 656 1824 cam
668 1763 753 1833 alias,
768 1769 799 1824 ct
808 1764 988 1844 Hieronymi
999 1781 1077 1842 prae-
1124 1761 1158 1821 in
1170 1761 1258 1822 obitu
1277 1761 1390 1822 Christi
1401 1762 1441 1822 ab
1454 1763 1521 1842 ejus
1534 1781 1663 1844 corpora
1680 1781 1747 1824 non
1764 1763 1888 1824 animun

304 1855 422 1932 sertim,
445 1860 511 1915 tum
531 1855 587 1916 has
607 1855 640 1914 in
660 1855 798 1916 medium
818 1855 908 1916 affert
934 1860 1076 1916 veterum
1124 1854 1229 1932 modo,
1242 1853 1295 1915 sed
1309 1854 1703 1918 etiamdivinitatemluisse
1716 1856 1887 1936 sejunctam,

304 1947 481 2010 sententias.
507 1948 617 2008 Reddo
640 1948 721 2027 Lupi
740 1947 834 2008 verba
857 1967 864 2008 ι
888 1945 1075 2008 Pandoram
1125 1945 1217 2026 idque
1232 1946 1389 2008 Christum
1397 1947 1499 2027 ipsum
1508 1949 1681 2028 significare
1693 1950 1886 2011 clamantem:

303 2039 496 2122 quorumdum
511 2059 562 2100 suo
578 2045 706 2120 tempore
723 2039 939 2120 Episcoparum
960 2039 1076 2119 opinio·
1126 2039 1215 2113 Dens,
1231 2039 1309 2100 Deus
1325 2057 1406 2100 metm
1418 2059 1511 2120 quare
1528 2061 1574 2102 me
1588 2041 1780 2124 dereliquisti
1793 2041 1807 2102 1
1818 2043 1889 2102 Turn

305 2151 370 2194 nem
384 2131 477 2211 refert
492 2131 525 2192 in
535 2131 628 2192 saeris
640 2130 728 2192 Isaiae
736 2130 893 2214 Propheta
905 2137 1078 2194 commenta·
1124 2131 1192 2192 hac
1206 2132 1291 2192 addit
1304 2133 1411 2212 Lupus
1427 2151 1434 2192 ι
1454 2131 1522 2194 Nan
1536 2133 1601 2195 dcto
1612 2133 1692 2196 tunc
1705 2133 1835 2216 epistole
1845 2153 1890 2195 cr·

306 2224 360 2286 riis
372 2225 412 2286 B.
428 2221 638 2305 Hieronymus.
654 2224 795 2304 Plerique
808 2231 987 2286 nostrorum
1001 2224 1077 2284 chi-
1126 2223 1252 2284 tieulum
1264 2223 1521 2306 suesseprobatum
1532 2225 1570 2288 ab
1582 2227 1730 2304 omnibus,
1747 2235 1890 2289 marma

304 2316 471 2393 rotoniam,
499 2316 592 2376 idest
611 2317 839 2378 ordinationem
874 2317 1075 2394 Clerioorum,
1126 2320 1168 2377 ita
1188 2315 1368 2378 commisse.
1389 2317 1486 2378 Adsit.
1517 2320 1685 2382 Damianat
1707 2319 1783 2389 dico,
1814 2321 1889 2380 murs

306 2428 376 2489 quta
398 2428 463 2470 non
476 2408 577 2469 solum
591 2408 630 2469 ad
647 2409 901 2489 imprecationem
915 2409 1008 2482 vocis,
1025 2409 1078 2470 sed
1125 2408 1294 2486 amiculum,
1310 2407 1380 2470 licet
1393 2410 1512 2472 omnino
1528 2409 1703 2485 deviantem,
1720 2411 1758 2473 at
1771 2412 1890 2494 niumm

305 2503 345 2563 ad
359 2500 588 2582 impositionem
600 2501 747 2581 impletur
760 2519 882 2577 manus,
898 2521 939 2562 nc
953 2502 1075 2575 scilicet,
1127 2500 1212 2562 nullo
1227 2501 1319 2582 fisisse
1333 2499 1516 2578 damnatum,
1542 2504 1722 2585 projectum,
1752 2513 1888 2568 natatum

305 2595 397 2656 utin
419 2593 606 2673 quibusdam
631 2594 766 2655 vidimus
793 2595 876 2656 vocis
899 2595 1078 2674 imprecatio
1129 2593 1211 2670 Quod
1224 2613 1323 2675 omnpe
1336 2603 1415 2670 esset,
1432 2596 1568 2676 quamuis
1576 2615 1632 2657 non
1648 2597 1889 2678 aaepmtatita,

305 2687 494 2749 claudestina
523 2685 655 2748 Clericus
682 2687 805 2748 ordinet
827 2687 1008 2762 nescientes,
1036 2685 1079 2747 sic
1127 2692 1222 2748 tamen
1234 2703 1408 2767 mapparum
1426 2687 1594 2750 Doctorum
1614 2688 1661 2750 Et
1673 2691 1747 2771 quin
1766 2709 1804 2751 ea·
1824 2689 1892 2771 ipso·

305 2779 494 2858 intelligunt,
519 2784 554 2839 ut
574 2784 733 2840 assumant
751 2778 963 2840 testimonium
976 2779 1078 2838 Paulli
1127 2795 1194 2838 rum
1204 2778 1324 2859 popula
1338 2778 1426 2840 multi
1442 2779 1504 2840 sint
1513 2781 1632 2862 sequuti
1640 2781 1727 2842 istam
1741 2783 1891 2864 minianen

305 2872 467 2933 scribentis
482 2872 522 2932 ad
535 2872 745 2932 Timotheum
762 2892 769 2932 :
786 2891 888 2932 manas
902 2872 959 2931 cito
969 2871 1081 2932 nemini
1126 2885 1183 2928 nan
1196 2873 1238 2929 est
1251 2867 1455 2930 dubitandum.
1472 2869 1516 2931 Et
1533 2877 1631 2932 tamen
1646 2889 1798 2952 nunquam
1807 2871 1892 2933 credi-

305 2963 487 3045 inposueris.
525 2962 585 3023 Est
607 2963 707 3043 opinio
730 2983 794 3024 uere
821 2961 962 3036 ridicula,
985 2963 1077 3042 ipsam
1129 2957 1208 3038 dero,
1225 2960 1272 3021 oet
1289 2959 1350 3030 tos,
1371 2961 1419 3022 uel
1438 2960 1501 3022 illos
1518 2981 1573 3043 per
1586 2962 1664 3024 lune
1677 2981 1807 3038 mrem
1821 2961 1893 3025 deli·

306 3055 685 3135 tamentemueruntmapni
700 3055 768 3116 uiri.
786 3055 910 3116 Etenim
933 3054 968 3116 S.
986 3054 1077 3115 Pira-
1128 3053 1223 3133 quisse
1254 3052 1430 3115 mortaliter.
1465 3053 1536 3129 Quis
1559 3055 1635 3116 enim
1661 3056 1718 3116 ista
1738 3055 1836 3118 credat
1864 3055 1894 3118 a

305 3147 404 3208 dimus
422 3153 583 3209 Amasenus
606 3147 782 3228 Episcopus,
802 3148 889 3208 totius
905 3153 974 3207 tunc
986 3146 1077 3208 Ponti
1126 3144 1261 3223 Hilario,
1274 3153 1434 3207 antsaneto
1446 3146 1599 3208 Ambrosio
1613 3146 1627 3208 i
1643 3147 1817 3223 Quisdicat,
1829 3149 1895 3229 ipsis

305 3239 507 3321 Metropolim,
529 3239 658 3320 poponis
677 3239 957 3301 Neoeasariensibus
980 3238 1079 3300 coleris
1127 3236 1285 3299 credentem
1302 3237 1443 3319 papalum
1467 3238 1598 3300 caruere
1613 3239 1644 3302 in
1668 3241 1786 3302 crimem
1800 3239 1894 3304 illac

306 3333 457 3414 imponere
479 3331 672 3412 Episcopum,
702 3331 824 3408 dudum,
852 3339 882 3392 et
908 3331 1079 3412 frequenter
1126 3330 1244 3410 quidem
1263 3331 1399 3407 motata,
1423 3330 1493 3392 licet
1512 3333 1706 3412 speculativa,
1737 3343 1780 3396 est
1805 3341 1894 3395 tames

305 3431 416 3486 secatus
439 3423 501 3504 snit
523 3423 665 3485 Sanctam
686 3421 861 3504 Greparium
878 3422 1076 3486 Thaumatur-
1126 3421 1303 3504 dopmatica,
1322 3421 1440 3503 ideoque
1457 3424 1553 3484 omnis
1571 3425 1655 3487 circa
1675 3425 1773 3507 ipsam
1804 3427 1893 3508 lapsus

305 3535 386 3597 pum.
410 3515 514 3578 Verum
528 3515 582 3576 ille
594 3516 727 3596 perstitit
743 3516 847 3596 supere
864 3535 918 3596 per
935 3515 1036 3592 saltus,
1050 3524 1078 3576 et
1126 3515 1286 3596 estprauis,
1306 3534 1341 3576 ac
1357 3521 1559 3577 momentosas.
1580 3516 1627 3578 Et
1641 3535 1679 3580 ea
1701 3519 1749 3580 liis
1763 3517 1895 3582 cmtcludo

307 3607 442 3684 latebras,
467 3615 495 3669 et
517 3627 575 3669 non
586 3608 682 3689 potuit
705 3606 920 3690 comprehendi.
939 3607 1023 3668 Hinc
1046 3607 1078 3668 in
1128 3608 1201 3668 tria.
1225 3607 1344 3684 Primo,
1367 3607 1445 3688 quod
1471 3608 1562 3671 etiam
1584 3610 1688 3690 mopsi
1710 3611 1819 3674 Patres
1839 3613 1893 3672 sint

307 3701 398 3783 insius
411 3699 653 3762 encomioseribit
675 3709 788 3761 sanctem
805 3699 963 3780 Greporius
972 3698 1079 3782 Nysae·
1126 3697 1298 3780 quandoque
1317 3699 1396 3780 lapsi
1415 3699 1448 3759 in
1464 3699 1543 3761 mate
1565 3700 1706 3781 fundatas
1731 3705 1892 3766 mintius.

306 3813 360 3854 reas
373 3793 546 3876 Episcopus.
558 3795 761 3872 Posteaquam
775 3793 854 3854 nihil
867 3809 931 3852 non
944 3793 1077 3852 intenta-
1126 3791 1268 3869 Secunda,
1284 3791 1466 3873 quodetiam
1480 3791 1553 3854 tales
1565 3793 1721 3857 dummodo
1735 3795 1825 3860 libere
1837 3815 1894 3858 am·

306 3891 373 3948 tum
385 3887 564 3966 relinquens
582 3887 633 3947 ille
656 3887 703 3948 vir
722 3902 872 3966 magnum
886 3885 1075 3964 Phaedimus,
1128 3883 1224 3946 butem
1234 3903 1290 3966 per
1305 3882 1480 3954 Ecclesiam,
1497 3885 1648 3965 opiniones
1663 3887 1896 3950 nsmodaumore
1964 3941 1966 3962 ,

306 3984 337 4040 et
351 3979 437 4040 omni
457 3979 697 4054 machinatione,
721 3985 814 4057 atque
829 3977 952 4038 solertia
976 3983 1075 4054 utens,
1125 3977 1228 4057 possit,
1252 3993 1302 4037 uec
1320 3976 1487 4057 quempiam
1507 3977 1572 4058 ejus
1586 3997 1734 4060 sequacem
1753 4002 1773 4042 a
1787 3983 1895 4044 Socru-
1964 4025 1966 4098 1

306 4089 371 4132 non
384 4069 672 4151 poteratvirumad
685 4070 897 4131 Sacerdotium
912 4069 1075 4145 adducere,
1127 4065 1406 4130 mentisencludere.
1426 4067 1537 4146 Tertio,
1553 4071 1631 4150 quod
1647 4078 1749 4134 cuncti
1762 4073 1897 4156 palati·
1964 4099 1966 4116 ι

306 4164 456 4224 inumeris
465 4164 561 4225 oeulis
575 4170 812 4243 praestantem,
828 4181 868 4222 ne
883 4161 1007 4241 quando
1022 4163 1077 4222 Sa·
1127 4161 1214 4234 iiam,
1223 4160 1390 4221 licetsolum
1399 4159 1622 4243 probabilitatis
1634 4163 1741 4243 sucum
1759 4167 1891 4237 mauu.

307 4257 438 4317 cordatis
452 4271 549 4316 manu
565 4261 737 4334 caperetur,
753 4261 845 4333 atque
859 4254 984 4332 utrique
998 4252 1079 4314 inter
1126 4254 1295 4333 opinionum
1305 4259 1447 4328 auctores
1470 4261 1523 4317 aut
1539 4257 1821 4336 patrocinamini
1835 4259 1895 4320 smi-

307 4367 339 4410 sa
355 4349 456 4410 studio
471 4353 633 4424 certarent,
659 4348 712 4409 illo
733 4349 860 4427 quidem
878 4364 998 4426 capere,
1018 4345 1078 4407 hoc
1127 4343 1430 4450 versaliterarpuendi
1442 4344 1570 4428 deprori
1580 4357 1710 4428 pacato.
1724 4351 1897 4414 meamus·
1963 4415 1965 4434 ⁴

306 4459 380 4501 varo
394 4440 606 4521 persequentis
626 4457 738 4500 manus
758 4440 894 4518 effugere
913 4438 1076 4517 cupiente;
1126 4457 1196 4498 usna
1215 4435 1261 4498 lic
1281 4436 1365 4498 taba
1389 4439 1516 4530 antiqua
1543 4441 1776 4520 reputationis
1804 4443 1898 4506 uideat
1963 4439 1965 4570 1

307 4533 421 4594 idcirco
434 4533 551 4612 impetu
573 4532 709 4610 quodam
731 4531 836 4592 divino
850 4530 1025 4591 Phaedimus
1038 4529 1079 4590 ad
1127 4529 1264 4607 nomime,
1281 4529 1404 4592 intentio
1409 4529 1533 4611 Judreat
1542 4549 1647 4594 omnes
1666 4533 1790 4599 Sincera
1799 4537 1897 4599 meniu

307 4625 502 4705 propositum
516 4624 654 4685 studium
673 4629 846 4704 provectus
868 4623 949 4682 nihil
966 4639 1079 4683 curans
1127 4620 1299 4702 simplicitas
1322 4630 1441 4684 ecmsat
1466 4623 1558 4685 multa
1583 4635 1718 4706 pamma
1747 4629 1898 4692 Hactenus
1964 4557 1965 4689 1

305 4717 503 4796 interjectum
515 4716 660 4796 spatium,
676 4735 737 4796 quo
754 4735 772 4776 a
786 4715 933 4794 Gregorio
950 4714 1078 4775 dirima-
1128 4714 1321 4775 Christianus
1327 4715 1446 4795 Lupus.
1463 4717 1527 4796 Ego
1548 4733 1623 4778 varo
1637 4727 1784 4798 quartam
1796 4739 1836 4784 ex
1853 4721 1897 4782 his

307 4811 410 4888 batur,
423 4808 845 4889 quiqueillosberatitinere
859 4806 964 4882 tridui,
978 4805 1079 4867 sadad
1128 4807 1376 4869 consecutionem
1403 4807 1493 4884 daco,
1524 4827 1638 4891 nempe
1661 4818 1805 4877 ancora
1830 4833 1897 4896 pro·

308 4903 409 4964 Deum
423 4901 602 4981 suspiciens,
625 4905 835 4980 precatusque,
855 4905 891 4960 ut
905 4905 936 4961 et
957 4899 1033 4979 ipse.
1049 4902 1080 4960 et
1128 4900 1691 4980 criptarumThesiumnonesseeada
1704 4923 1816 4969 mussa
1828 4925 1896 4970 oon·

308 4994 359 5056 illa
381 4993 497 5074 pariter
518 4993 552 5053 in
573 4993 626 5053 illa
643 4991 721 5053 hora
740 5011 759 5054 a
776 4995 838 5054 Deo
863 4991 1077 5073 respiceretur,
1127 4994 1322 5070 temnendos,
1346 4993 1640 5075 improbandosque,
1666 4999 1753 5078 quod
1768 4999 1837 5062 illas
1849 5001 1897 5064 do

308 5085 375 5147 loco
399 5101 513 5146 manas
540 5083 746 5163 impositionis
772 5084 898 5147 adhibet
930 5081 1080 5161 Gregorio
1129 5085 1269 5158 ouemnt,
1297 5085 1374 5148 dum
1395 5085 1538 5148 Ecclesia
1554 5087 1673 5166 judicio
1697 5109 1805 5154 caussa
1827 5111 1898 5154 non-

308 5193 496 5252 sarmonem,
506 5176 682 5256 Deoipsum
691 5193 871 5238 consecrans
874 5176 1080 5255 ,quieorpore
1129 5179 1205 5238 dum
1232 5177 1320 5239 finita
1342 5179 1423 5254 arit;
1441 5197 1482 5240 na
1505 5179 1589 5242 idem
1612 5181 1711 5243 telum
1736 5185 1772 5245 in
1794 5185 1897 5246 Panes

307 5287 443 5351 praesens
454 5285 520 5330 non
533 5267 663 5329 adesset.
673 5268 757 5329 Hanc
767 5266 1000 5329 sibiintimatam
1013 5285 1079 5328 con-
1129 5269 1373 5349 intorqueamus.
1396 5271 1478 5338 Quid
1501 5272 1575 5334 huic
1590 5275 1654 5336 tam
1670 5281 1764 5338 certa
1784 5278 1897 5341 ran'od-

307 5364 494 5424 serratianem
513 5358 634 5422 admisit
652 5358 820 5442 Greportas,
840 5377 892 5421 nec
904 5359 965 5440 suit
984 5357 1080 5422 denuo
1129 5363 1248 5424 nationi
1269 5364 1448 5444 responderi
1466 5364 1573 5445 possit,
1594 5383 1660 5428 non
1674 5367 1776 5432 video.
1797 5371 1896 5451 tieqm
1962 5423 1963 5426 ,

307 5459 500 5517 emoreretur.
535 5451 639 5514 Veram
668 5451 747 5532 quod
770 5458 885 5513 sanctas
909 5449 1081 5518 Phaedimus
1129 5455 1895 5535 veromirandum,ant0ss1ustaslicetdootissi·
1961 5503 1962 5538 3

307 5549 436 5626 pamma
453 5542 631 5614 rnortaliter,
655 5547 723 5625 quis
742 5543 848 5606 audeat
870 5543 915 5605 tei
927 5547 1082 5626 capitam?
1130 5565 1207 5619 mos,
1228 5553 1283 5610 aut
1304 5549 1512 5611 metuimus
1528 5549 1607 5620 illos,
1629 5567 1711 5630 quos
1728 5555 1894 5618 mainonis
