3946 6344
690 439 804 500 LlBEli
825 437 1027 500 SECUNDUS
1591 435 1663 497 523

78 628 124 672 sus
147 607 301 688 dignitatis
320 607 492 669 interillos
513 608 836 684 essettantumlevis,
887 605 1094 667 lentissimum
1122 603 1297 683 charitatis,
1330 611 1361 666 et
1392 602 1496 663 tavent
1520 601 1662 681 exempla

78 705 116 765 ita
126 708 155 763 at
164 701 223 763 hic.
238 701 422 782 Oppositum
430 701 634 767 tenetOvied.
651 721 683 762 a.
699 703 750 763 83.
765 702 839 782 quia
887 699 1098 778 quorumdam
1108 697 1305 759 Sanctorum.

78 795 185 870 titulus,
200 794 255 873 qui
268 799 313 856 ast
327 793 503 873 conjunctio
516 795 616 874 major
623 812 747 856 mecum
758 795 837 875 ipso,
932 790 968 864 Q.
983 793 1034 854 ld.
1053 789 1135 864 Quid
1146 789 1246 852 debeat
1266 788 1362 868 sacac
1375 785 1516 862 amarior,
1533 787 1561 847 ci
1571 786 1664 848 umal

77 888 191 948 videtur
203 904 267 948 essa
280 885 394 966 gravis.
411 886 516 948 Vidari
533 891 633 967 potest
643 888 737 950 ctiam
750 888 837 968 Lupo
891 891 1008 946 ametur
1020 883 1060 945 od
1074 881 1283 965 baptizandum
1297 879 1454 960 infantam,
1469 889 1497 942 et
1514 880 1556 940 ad
1567 878 1663 940 abaci·

78 979 109 1040 dc
111 979 186 1061 just.
201 977 232 1040 d.
245 981 294 1040 10.
304 997 336 1040 n.
352 979 403 1040 48.
891 979 1015 1039 aradum
1029 976 1178 1050 adultam,
1199 993 1323 1056 qaorum
1337 973 1413 1036 alter
1432 980 1507 1050 certo
1519 971 1664 1034 reametur

12 1066 59 1128 ua
112 1071 139 1151 §.
154 1073 183 1134 3.
200 1071 234 1132 Si
245 1071 325 1133 latro
336 1075 368 1132 te
380 1071 518 1148 invadat,
533 1071 676 1151 qnanwb
689 1069 795 1132 credas
808 1076 839 1132 tc
890 1069 996 1152 absque
1017 1067 1226 1145 Sacramenta,
1268 1067 1296 1128 si
1328 1074 1519 1148 postponatur
1546 1064 1664 1126 attari?

78 1181 136 1226 esse
166 1165 202 1226 in
233 1163 341 1242 gratia
378 1182 443 1225 non
467 1165 581 1226 teneris
608 1161 788 1244 permittere
807 1168 838 1225 te
890 1164 926 1225 R.
940 1163 973 1225 Si
986 1163 1191 1230 adestlaicus‚
1209 1161 1264 1241 qni
1278 1159 1432 1240 baptizare
1447 1157 1553 1239 possit,
1573 1157 1664 1220 debet

78 1255 175 1332 occidi,
190 1257 264 1336 quia
275 1255 356 1317 latro
370 1273 435 1317 non
449 1257 542 1318 estin
556 1261 693 1318 extrema
707 1256 838 1316 necessi-
889 1273 962 1317 eum
972 1255 1094 1316 mittere
1106 1254 1146 1315 ad
1155 1253 1305 1314 infantem
1316 1251 1547 1332 baptizandum,
1560 1250 1662 1330 etipse

77 1353 134 1412 tata
146 1348 308 1429 spirituali,
321 1355 550 1429 propterquam
562 1349 839 1428 debeasexponere
889 1348 935 1410 irc
946 1348 985 1408 ad
999 1346 1222 1409 absolvendum
1237 1344 1395 1406 adultum:
1413 1344 1439 1404 si
1452 1348 1557 1404 autem
1569 1358 1662 1402 nemo

77 1441 167 1502 dum
190 1449 287 1517 tuam,
308 1441 361 1502 sed
387 1447 433 1502 est
453 1441 487 1504 in
506 1447 645 1504 extrema
667 1440 796 1518 malitia,
821 1461 840 1502 a
890 1441 987 1517 adest,
1017 1440 1071 1519 qni
1095 1439 1252 1518 baptizare
1278 1436 1385 1518 possit,
1408 1434 1662 1497 debetinlantem

77 1532 271 1613 qualibarate
285 1538 435 1614 sepotast,
447 1534 472 1595 si
483 1535 568 1610 velit,
581 1535 623 1595 ita
633 1535 709 1595 Con.
721 1535 836 1595 Bonae.
889 1531 1036 1613 praeferre
1060 1530 1176 1604 adulto,
1206 1529 1308 1591 infans
1335 1529 1419 1590 enim
1433 1534 1517 1590 certo
1536 1527 1660 1608 periret,

77 1626 182 1706 aliique
196 1643 269 1687 cum
292 1627 430 1706 Castrop.
447 1645 483 1708 p.
503 1629 537 1689 9.
557 1647 588 1688 a.
610 1630 640 1688 7.
662 1627 751 1694 Quod
771 1627 797 1688 si
809 1632 841 1687 te
890 1644 954 1686 non
964 1625 1041 1686 itam
1053 1624 1189 1701 adultae,
1203 1623 1257 1703 qui
1270 1622 1420 1684 lortenon
1435 1620 1526 1682 estin
1537 1623 1663 1700 peccato

77 1717 218 1780 invadens
231 1724 313 1780 esset
323 1718 520 1799 phreneticus
534 1740 542 1796 ;
558 1720 659 1782 adhuc
675 1738 740 1780 non
751 1725 839 1782 tene·
889 1717 1084 1794 mortali,ch
1095 1735 1151 1797 per
1159 1715 1378 1778 contritionem
1389 1713 1539 1792 sejuvarc
1545 1717 1660 1792 potest:
1776 1779 1778 1784 ,

76 1811 304 1890 rispermittere
317 1816 349 1872 ta
365 1811 474 1888 occidi,
492 1813 563 1874 licet
580 1812 841 1892 protuendavita
889 1811 949 1872 hoc
977 1815 1084 1871 autem
1106 1815 1152 1870 est
1182 1807 1406 1889 arripiendum,
1442 1805 1527 1886 quod
1558 1805 1664 1864 minus

75 1909 125 1964 tua
145 1903 273 1965 deberes
296 1921 369 1965 eum
390 1905 540 1982 occidere,
562 1905 635 1985 quia
656 1923 721 1966 non
749 1905 841 1968 debes
889 1903 1031 1966 habetde
1044 1901 1195 1983 periculo,
1212 1902 1259 1962 uti
1272 1900 1406 1966 docetis.
1422 1899 1480 1959 Th.
1493 1898 1661 1978 3.p.q.83.

75 2000 211 2075 reputare
231 2013 305 2057 eum
324 1997 436 2058 esseio
458 2002 595 2077 peccato,
618 1997 652 2057 in
666 2015 728 2077 qno
742 1997 767 2058 si
782 2003 838 2074 est,
890 2001 949 2057 art.
968 1997 999 2058 6.
1015 1996 1059 2056 lta
1074 1995 1151 2057 Gob.
1169 1993 1275 2074 Stepb.
1293 1999 1313 2056 t.
1330 1995 1357 2054 3.
1373 1993 1402 2053 d.
1418 1993 1445 2053 3.
1463 1992 1535 2053 dl.

75 2088 178 2166 nescis,
194 2107 237 2150 an
251 2089 290 2150 sit
302 2089 459 2150 rediturus
473 2091 512 2150 ad
527 2091 694 2166 rationem,
706 2095 737 2151 et
748 2091 842 2170 paeni-
930 2089 1016 2150 Circa
1035 2089 1179 2149 ordinem
1201 2085 1363 2148 charitatis
1383 2085 1487 2164 aliqua
1510 2083 1664 2146 addentur

74 2182 218 2244 andam:
247 2187 278 2243 ct
302 2183 405 2260 reipsa
427 2181 521 2244 nimis
548 2200 641 2262 grave
670 2188 716 2243 ast
742 2183 783 2243 sio
810 2188 841 2244 te
892 2180 942 2244 lib.
959 2184 986 2243 3.
1004 2200 1071 2262 par.
1091 2187 1118 2243 l.
1134 2201 1154 2242 a
1168 2197 1251 2242 aum.
1267 2180 1336 2242 ue.
1354 2184 1385 2240 et
1399 2180 1469 2240 731.

76 2276 259 2354 imparatum
266 2275 351 2336 trudi
363 2275 397 2335 in
407 2274 622 2352 eternitatem,
635 2275 843 2336 hincBartho-
1168 2309 1322 2372 DUBIUM
1345 2310 1371 2369 Π

76 2367 128 2440 lus,
145 2368 271 2444 Gomez,
293 2367 366 2429 Mol.
382 2368 475 2428 Mald.
496 2369 595 2429 Tana.
612 2369 724 2429 Bonae.
742 2369 840 2429 Castr.
1094 2429 1099 2442 ,
1224 2425 1229 2438 ,
1295 2424 1300 2436 ,
1374 2357 1383 2438 ’,
1411 2427 1416 2438 ,
1454 2423 1460 2436 ,

74 2460 177 2520 Tamh·
203 2460 317 2522 Diem·
347 2460 572 2539 Sangallense&
604 2479 683 2540 quos
708 2461 791 2538 cim,
812 2466 843 2522 et
984 2425 1029 2488 De
1048 2425 1126 2503 odio,
1148 2433 1177 2487 et
1196 2422 1352 2488 dalcctconc
1371 2441 1574 2486 inimicorum.

74 2553 207 2632 saqrritur
223 2553 345 2614 Vindex
366 2553 478 2614 (tobati
490 2571 525 2632 p.
539 2555 569 2613 a.
589 2571 677 2634 prop,
697 2555 746 2614 ιο,
762 2573 793 2614 a.
810 2557 840 2615 4,
934 2545 955 2580 “
980 2543 1107 2604 Certum
1131 2546 1177 2602 est
1196 2540 1337 2602 inimicos
1361 2539 1466 2619 aliquo
1481 2538 1575 2600 modo
1590 2537 1660 2599 dili·
1687 2549 1741 2610 181

74 2646 208 2706 absoluta
232 2645 344 2706 docent
366 2645 460 2706 talem
483 2646 578 2707 etiam
599 2645 727 2706 rationis
740 2646 840 2727 impo-
892 2637 1019 2713 gendos,
1042 2652 1114 2696 cum
1132 2634 1194 2694 sint
1209 2631 1353 2712 proximi,
1370 2649 1442 2693 cum
1459 2630 1492 2692 S.
1507 2629 1565 2690 Tb.
1585 2632 1614 2690 2.
1629 2632 1658 2690 2.

74 2743 228 2817 temposse
240 2737 347 2798 occidi.
358 2737 535 2799 VideVind.
551 2737 627 2799 Gob.
641 2736 681 2800 ad
688 2757 778 2820 prop.
792 2741 840 2802 lo.
892 2749 920 2808 q.
938 2730 987 2790 25.
1000 2735 1061 2788 art.
1077 2733 1103 2788 t.
1118 2730 1309 2788 communiter
1322 2743 1425 2788 omnes.
1443 2724 1504 2786 Sed
1513 2723 1663 2802 quarimr

75 2835 103 2891 et
114 2830 246 2891 dicenda
259 2828 281 2890 l.
298 2831 328 2891 3.
339 2847 375 2911 p.
389 2832 416 2892 l.
431 2850 463 2891 a.
479 2831 548 2893 cll.
892 2823 930 2883 da
943 2820 1049 2897 modo,
1066 2826 1097 2880 et
1109 2837 1150 2880 an
1161 2818 1279 2898 possint
1292 2817 1363 2878 odio
1376 2815 1512 2880 haberi?

110 2923 138 3002 ξ.
153 2925 184 2984 d.
201 2925 253 2984 An
266 2921 451 2983 laudabilius
465 2923 506 2982 sit
521 2922 683 2984 hominem
704 2923 842 2984 morien·
935 2916 955 2952 ‘⁶
980 2915 1074 2993 ROSP·
1089 2916 1118 2973 l·
1134 2910 1382 2986 Quilibssihfflnb
1397 2908 1660 2988 sallemllfilssfflb

74 3017 135 3074 tem
146 3011 315 3074 bandcrre
327 3011 363 3072 in
377 3009 580 3091 aliasffanimas
590 3013 762 3093 purgatorii
771 3030 842 3074 om·
894 3011 1017 3067 tenetur
1036 3004 1192 3085 proximo,
1212 3003 1306 3064 etiam
1323 3000 1459 3078 inimico,
1485 3001 1665 3062 communia

74 3104 123 3166 nia
135 3103 295 3183 suffragia,
315 3108 347 3166 at
360 3103 579 3165 satisfactiones
591 3121 648 3184 pro
667 3121 699 3166 se
710 3103 843 3166 odaren·
893 3097 1066 3159 dilectionis
1092 3095 1198 3175 signa,
1229 3100 1260 3156 et
1278 3093 1429 3156 beneficia
1455 3092 1601 3154 exhibere
1626 3111 1665 3154 ex

72 3197 134 3275 das,
149 3216 192 3258 an
205 3197 264 3257 sibi
270 3196 415 3274 rotinere,
425 3195 532 3257 insein
545 3201 843 3276 utramquepartem
892 3194 1068 3270 precepto:
1084 3187 1228 3269 specialia
1239 3204 1314 3248 vero
1329 3205 1368 3256 ex
1384 3185 1510 3248 consilio
1528 3190 1664 3262 matum,

73 3287 217 3352 discurrit
230 3287 361 3368 Arriaga
370 3287 401 3349 d.
417 3290 467 3350 40.
483 3287 510 3368 f.
526 3291 556 3349 2.
569 3294 600 3349 et
613 3289 770 3351 concludit
780 3307 844 3351 esse
893 3282 954 3343 nisi
978 3282 1103 3343 aliunde
1125 3279 1204 3342 ratio
1236 3278 1431 3359 obligationis
1456 3279 1590 3340 accedat.
1620 3279 1668 3339 Ita

72 3381 174 3442 minus
193 3380 362 3458 laudabile,
381 3383 455 3460 quia
476 3381 611 3442 estvelle
625 3382 725 3442 Deum
743 3381 845 3461 potius
894 3375 1102 3436 communiter
1122 3390 1194 3434 cum
1217 3374 1328 3452 Laym.
1354 3371 1377 3433 l.
1400 3373 1429 3434 2.
1451 3387 1474 3437 t.
1492 3373 1523 3432 3·
1540 3389 1565 3432 c·
1582 3374 1612 3440 4.
1629 3389 1668 3432 ex

72 3472 188 3535 laudari
203 3472 327 3550 abalio,
342 3492 437 3552 quam
447 3493 467 3534 a
479 3491 523 3552 aa,
537 3473 622 3554 quod
641 3473 766 3536 videtur
779 3491 845 3536 esse
895 3468 926 3530 S.
943 3467 1054 3531 Thom.
1071 3467 1092 3529 Ι.
1109 3487 1134 3528 c.
1148 3486 1177 3548 q.
1189 3467 1240 3528 25.
1256 3472 1314 3526 art.
1331 3465 1359 3526 8.
1378 3469 1410 3526 et
1421 3465 1450 3526 9.
1463 3463 1532 3526 Dixi
1548 3466 1576 3528 l.
1594 3483 1668 3526 cam-

72 3564 206 3627 hominis
228 3565 335 3626 minus
362 3566 493 3628 amantis
519 3569 651 3628 Deum:
689 3583 707 3627 e
738 3577 845 3628 eontra
894 3561 1018 3622 mania:
1044 3560 1150 3641 qualia
1169 3559 1341 3620 secundum
1364 3555 1494 3636 Gajctan.
1519 3575 1546 3618 c.
1567 3555 1667 3618 adriam

73 3657 226 3720 Hautinus
249 3658 283 3718 ia
300 3665 386 3737 patr.
407 3657 538 3740 defunct.
564 3678 634 3719 aa.
661 3659 733 3719 627.
749 3659 845 3720 citam
894 3658 978 3727 sunt,
1014 3671 1085 3733 quaa
1120 3651 1291 3714 Christiano
1323 3649 1476 3711 debentur
1508 3667 1527 3710 a
1559 3649 1668 3728 quovis

72 3769 126 3830 pro
140 3770 173 3812 aa
188 3752 222 3816 fl.
238 3750 298 3810 l'h.
316 3751 406 3812 Suar.
421 3752 541 3831 etLug.
556 3751 623 3812 fuse
641 3750 800 3812 contendit
812 3751 845 3813 id
895 3746 1070 3806 Christiano
1090 3745 1124 3806 in
1150 3743 1320 3816 communi,
1349 3741 1469 3804 concivi
1491 3759 1510 3806 a
1528 3741 1664 3816 concive,

72 3860 135 3905 esse
147 3842 348 3920 laudabilius,
364 3843 437 3923 quia
450 3862 506 3924 per
520 3849 625 3905 actum
639 3843 728 3904 illum
742 3842 845 3904 Chari-
895 3843 1026 3917 cognato
1038 3857 1056 3898 a
1069 3841 1210 3916 cognato.
1232 3835 1321 3897 Ratio
1334 3839 1439 3896 autem
1453 3839 1509 3910 est,
1524 3834 1599 3913 quia
1609 3833 1668 3894 ista

72 3936 141 3998 tatis
168 3936 239 4016 plus
267 3940 406 3996 meretur
425 3935 545 4015 gratia,
573 3941 604 3997 ct
621 3940 846 4015 consequenter
894 3949 1021 4011 negare,
1036 3928 1414 4008 estvindicareinjuriam,
1431 3925 1668 4006 qnodnonlicet

71 4027 176 4106 gloriar
202 4027 274 4103 sihi,
295 4032 326 4088 et
349 4029 413 4089 Deo
430 4046 486 4107 per
508 4031 606 4088 totam
627 4027 841 4102 aeternitatem.
894 4024 1024 4104 privato.
1053 4022 1123 4084 Dixi
1146 4023 1175 4083 2.
1206 4019 1279 4082 Nisi
1298 4017 1419 4082 alicnde
1443 4016 1562 4080 accedat
1587 4017 1668 4082 ratio

71 4121 117 4181 tn
139 4125 249 4182 autem
271 4121 310 4180 sit
336 4120 482 4198 obligatio
514 4119 645 4198 juvandi
672 4119 844 4200 defunctos,
895 4115 1096 4197 odliqatioaia,
1111 4113 1210 4195 qualis
1224 4119 1303 4176 esset
1317 4131 1344 4175 v.
1360 4131 1392 4192 g.
1408 4116 1437 4177 l.
1454 4111 1561 4175 Timor
1579 4127 1667 4172 scan-

70 4212 170 4274 vidari
180 4217 283 4293 potest
296 4213 391 4274 Haut.
406 4231 488 4273 nam.
505 4213 574 4273 lus.
895 4208 957 4270 dali
974 4227 1014 4270 ex
1030 4206 1208 4268 omissione.
1224 4207 1253 4267 2.
1276 4207 1353 4286 Spes
1366 4204 1473 4266 salutis
1485 4201 1617 4280 inimici,
1631 4207 1669 4264 ut

1 4313 49 4374 180
107 4305 136 4384 ᾖ.
165 4307 198 4366 a.
222 4304 416 4366 Probabilius
428 4305 563 4380 videtur,
581 4306 664 4385 qnod
679 4306 794 4385 possim
806 4307 846 4368 ad
894 4301 955 4363 vid.
974 4302 1062 4361 Azor.
1075 4318 1110 4379 p.
1128 4301 1158 4360 2.
1174 4297 1195 4360 l.
1211 4301 1259 4360 12.
1275 4318 1301 4359 c.
1317 4301 1346 4360 3.
1362 4300 1390 4360 3.
1407 4296 1576 4360 Necessitas
1587 4300 1667 4361 tam-

70 4401 195 4478 tampus
219 4397 299 4459 velle
318 4413 423 4458 carere
450 4398 549 4478 gratia
566 4398 633 4474 Dei,
652 4397 701 4458 vel
717 4397 847 4460 beatitu-
894 4394 1019 4474 poralis,
1037 4393 1087 4453 vel
1105 4391 1284 4472 spiritualis.
1304 4393 1333 4452 d.
1354 4389 1461 4470 Oulpae
1479 4387 1664 4470 deprecatio,

70 4491 141 4556 dine
154 4508 215 4571 pro
228 4488 570 4569 impediendopeccato‚
583 4490 634 4550 val
647 4489 846 4553 damnatione
894 4493 926 4549 at
954 4484 1102 4548 exhibitio
1136 4485 1315 4565 specialium
1347 4483 1507 4564 signorum
1540 4480 1664 4545 amoris.

71 4581 223 4653 Proximi,
241 4581 289 4642 uti
298 4586 383 4644 racto
398 4581 505 4643 Oviad.
519 4600 549 4644 a.
567 4583 616 4642 lb.
631 4581 731 4643 multo
748 4583 846 4663 magis
895 4581 995 4649 Ratio,
1014 4577 1087 4658 quia
1106 4577 1155 4638 his
1172 4577 1302 4653 casibus,
1319 4575 1476 4656 neglectus
1489 4574 1666 4655 specialium

69 4677 164 4736 etiam
173 4679 284 4755 potero
294 4674 464 4736 secundum
478 4674 652 4736 ordinatam
658 4675 845 4738 charitatem
895 4673 1055 4750 signorum
1067 4670 1273 4733 exteriorodii
1284 4668 1461 4745 declarati0,
1472 4669 1581 4747 Lnym.
1598 4665 1621 4728 l.
1638 4685 1663 4728 r.

69 4768 216 4829 omittere
229 4773 315 4828 actus
327 4765 480 4843 bonos,ut
493 4765 538 4826 sic
550 4764 718 4846 impediam
727 4768 846 4847 majora
898 4765 982 4828 [lade
995 4764 1117 4828 resolues
1133 4761 1223 4825 Casas
1235 4769 1390 4844 sequentes.

68 4861 153 4921 mala
165 4857 323 4940 proximi3
342 4876 407 4919 non
426 4875 553 4938 possum
563 4862 670 4919 tamen
683 4857 753 4920 ideo
767 4859 846 4921 velle
936 4861 959 4896 ‘⁴
976 4860 999 4921 l.
1017 4860 1078 4920 Par
1091 4875 1123 4918 se
1134 4857 1302 4936 loquendo,
1315 4871 1409 4917 nemo
1422 4857 1545 4916 tenetur
1556 4853 1596 4916 ad
1609 4852 1666 4914 ini-

68 4969 202 5032 pecaare
216 4951 310 5012 etiam
321 4950 485 5025 levissime,
508 4955 539 5012 et
556 4957 592 5012 ut
604 4950 715 5012 volunt
728 4953 797 5014 Ara.
815 4958 847 5014 et
894 4952 1011 5013 micum
1025 4949 1218 5028 diligendum
1228 4947 1372 5028 positivo,
1384 4945 1570 5028 etpeculiari
1582 4951 1663 5024 actu,

70 5044 225 5106 Oriadn.
240 5045 290 5105 23.
306 5043 646 5123 nonpossumvellein
659 5049 845 5124 perpetuum
894 5043 1061 5124 nequead
1089 5060 1161 5104 eum
1188 5041 1401 5118 salutandum,
1429 5039 1663 5119 alloquendum,

68 5155 178 5200 carere
201 5135 393 5198 beatitudine
420 5136 514 5197 etiam
541 5154 599 5218 pro
621 5137 716 5198 totius
733 5138 846 5199 mundi
895 5130 1662 5216 agrotuminvisendum,moestumconsolsndum,

68 5229 182 5306 salute,
207 5227 347 5309 quamvis
368 5228 428 5290 hoo
449 5227 565 5309 absque
585 5233 708 5309 peccato
722 5230 844 5292 contin-
893 5228 1026 5310 bospitio
1038 5227 1265 5308 excipiendum,
1276 5226 1326 5288 vel
1337 5225 1529 5288 familiariter
1541 5241 1614 5286 aum
1627 5244 1664 5288 eo

68 5340 143 5402 gera
168 5325 284 5402 posset,
304 5319 379 5400 quia
405 5326 514 5383 teneor
532 5320 642 5382 ultimo
664 5321 791 5383 tondere
805 5323 845 5384 ad
893 5321 1061 5402 agendum,
1082 5327 1139 5384 etc.
1161 5319 1233 5400 qnia
1246 5320 1398 5386 baecsunt
1417 5317 1505 5396 signa
1521 5317 1664 5398 specialia

67 5414 169 5482 finam
183 5431 303 5489 meum,
320 5414 444 5493 quando
463 5431 592 5494 possum
614 5415 680 5474 sine
698 5419 842 5494 peccato:
894 5414 1018 5476 amoris.
1034 5414 1103 5475 Fill.
1120 5426 1143 5476 t.
1157 5413 1208 5474 28.
1231 5431 1265 5493 p.
1287 5415 1316 5474 l.
1338 5430 1402 5491 cap.
1421 5415 1450 5475 l.
1467 5409 1539 5474 Dico
1549 5429 1605 5491 per
1618 5429 1658 5488 aa,

67 5508 103 5570 in
116 5507 181 5569 hoc
188 5511 296 5568 tamen
308 5505 522 5568 contradicunt
534 5507 586 5568 alii
600 5523 672 5567 oum
686 5507 845 5586 Bnnoespei
894 5507 965 5587 qnia
981 5507 1006 5567 si
1020 5506 1144 5568 omissio
1158 5505 1337 5566 scandalosa
1353 5508 1443 5581 esset,
1463 5507 1517 5566 aut
1533 5519 1590 5581 per
1607 5504 1661 5565 ali·

66 5599 99 5661 d.
119 5602 152 5660 t.
176 5617 211 5658 a.
231 5601 280 5660 10.
299 5599 444 5661 docentes
463 5617 537 5661 eum
550 5617 616 5660 csse
630 5604 734 5662 sabim
748 5599 845 5661 excel·
894 5599 968 5679 quid
988 5599 1102 5660 horum
1121 5614 1224 5677 posses
1235 5597 1302 5658 sine
1314 5601 1369 5658 tuo
1383 5594 1581 5660 incommodo
1595 5595 1659 5656 ini-
