3992 6344
650 455 762 518 LIBER
784 455 949 519 TERTIUS
970 457 1068 520 PARS
1090 459 1103 520 1

107 621 247 682 horrorem
275 619 445 695 Fidelibus,
460 621 509 684 'ne
531 621 651 700 leviter,
673 622 722 684 vel
735 628 852 684 temere

106 713 262 775 emitterent
276 736 283 790 ;
306 721 406 794 potest
418 722 524 777 tamen
541 722 650 806 potum
662 722 853 778 reservatum

106 804 205 866 differri
224 825 261 868 ex
278 807 362 886 J'usta
382 825 484 882 causa,
502 814 533 870 et
552 809 704 889 tantisper
727 809 853 889 aliquod

104 897 176 960 aliud
199 898 343 978 injungi,
371 901 420 961 uti
447 920 517 962 cum
546 902 707 962 communi
736 902 850 964 Sancb.

104 987 232 1052 Similiter
257 994 443 1054 commutari
462 999 592 1074 possunt
614 993 852 1056 circumstantiae

102 1083 156 1142 voti
167 1086 317 1160 reservati,
329 1086 376 1146 611
388 1086 507 1148 dicetur
520 1106 551 1148 a.
568 1090 637 1149 660.

37 1172 82 1232 tlt
134 1173 160 1252 §.
173 1177 199 1236 6.
228 1177 335 1238 1111666
355 1179 467 1257 jejunii
493 1185 564 1240 voto
592 1179 735 1259 promissi
751 1185 852 1260 potest

100 1267 206 1328 modica
232 1271 473 1332 commutatione
496 1272 642 1352 suppleri,
658 1279 689 1334 ct
702 1273 850 1353 6666616-

100 1358 188 1420 dendo
219 1361 258 1422 ab
292 1363 394 1443 aliqua
428 1365 575 1444 peculiari
596 1365 849 1443 circumstantia,

97 1451 187 1530 inquit
199 1453 314 1516 Tambs
325 1455 348 1516 l.
362 1458 391 1516 3.
405 1475 430 1517 c.
449 1461 498 1520 16.
510 1458 539 1536 §.
555 1460 583 1519 6.
596 1477 626 1519 a.
639 1461 669 1519 6.
686 1457 772 1519 lacile
782 1477 851 1521 eam

97 1545 284 1608 concederem
313 1548 381 1610 fieri
394 1549 428 1609 in
441 1549 536 1610 aliam
550 1550 632 1611 diem
647 1550 713 1610 6166
727 1551 850 1630 supple·

95 1641 199 1712 mento,
223 1640 297 1718 quia
310 1642 353 1703 sic
375 1661 487 1722 parum
505 1649 559 1704 aut
579 1643 655 1704 nihil
681 1643 801 1704 decedit
814 1645 852 1707 de

96 1731 172 1791 cultu
185 1731 305 1794 divino..

27 1819 75 1880 613
128 1822 153 1900 §.
169 1827 196 1884 ’1.
211 1825 289 1886 Vota
297 1825 391 1888 etiarn
400 1827 505 1906 jurata
516 1829 701 1890 commutari
710 1837 848 1910 possunt.

94 1917 254 1978 seeundum
268 1917 349 1978 dicta
363 1937 393 1980 6.
420 1919 488 1980 356.
515 1921 687 2000 docentque
703 1925 852 1986 Auctores

92 2005 131 2066 ibi
154 2009 246 2084 citati,
273 2011 369 2072 etalii
392 2031 463 2074 cum
483 2013 597 2092 Belleg.
613 2034 643 2096 q.
661 2017 689 2075 l.
706 2021 737 2076 et
758 2035 851 2078 nemo

92 2098 210 2170 dubitat,
226 2103 302 2182 quin
316 2105 487 2185 Episcopus
508 2107 605 2186 possit
622 2106 801 2187 dispensare
817 2110 851 2170 in

84 2193 293 2272 6666166666,
309 2196 412 2275 inquit
425 2199 507 2273 Less,
534 2198 565 2258 16
587 2200 673 2261 duct.
699 2209 849 2263 6661661.

91 2281 154 2345 Cas.
169 2287 196 2348 3.
212 2287 238 2347 61
254 2305 366 2367 nempe
377 2307 442 2350 non
457 2291 497 2350 sit
510 2290 544 2351 in
558 2291 775 2370 praejudicium
789 2299 850 2356 ter-

88 2375 132 2451 tii,
146 2384 181 2438 ut
192 2377 314 2440 dicetur
327 2399 345 2440 a
360 2401 389 2442 a.
403 2381 472 2442 531.

22 2455 69 2520 611
126 2471 151 2545 Ξ.
168 2473 195 2532 8.
209 2473 342 2532 Possunt
360 2475 454 2536 etiam
470 2477 657 2537 commutari
671 2478 852 2557 promissio-

87 2578 139 2622 nes
150 2563 241 2624 16616
256 2563 383 2642 Sanctia,
404 2566 478 2645 quia
490 2568 621 2628 veniunt
637 2570 764 2631 nomine
776 2571 850 2646 voti,

87 2652 153 2714 licet
163 2655 267 2735 reipsa
275 2663 347 2717 vota
358 2659 509 2730 non-sint,
525 2660 603 2720 Gob.
619 2660 733 2740 Belleg.
747 2680 851 2741 supra.

22 2745 63 2805 116
122 2746 180 2823 §a
197 2749 310 2810 Omnia
335 2756 408 2812 vota
433 2751 467 2810 in
494 2753 606 2813 saeculo
621 2753 669 2814 vel
693 2755 851 2816 Novitiatu

85 2838 192 2901 emissa
206 2847 336 2921 possunt
354 2861 373 2903 6
387 2850 519 2905 vovente
535 2845 583 2906 vel
594 2847 759 2926 Superiora
771 2865 854 2908 com-

82 2935 196 2994 mutari
209 2933 244 2994 in
265 2939 336 2995 vota
350 2935 546 3014 professionis
564 2938 729 3017 Religiosae
747 2960 754 3000 :
777 2940 854 3000 item

83 3023 115 3083 in
128 3031 200 3086 vota
215 3026 366 3106 simplicia
377 3027 538 3090 Societatis
546 3031 565 3090 J
568 3031 656 3104 ESU,
672 3051 746 3092 nam
760 3033 854 3093 etiam

80 3113 146 3176 11166
165 3117 281 3178 6111166
300 3118 424 3180 16611661
444 3121 688 3199 Matrimonium,
714 3129 744 3184 et
768 3126 852 3185 abso·

80 3205 143 3269 luta
167 3215 245 3271 sunt
266 3211 304 3271 de
331 3212 452 3272 meliori
476 3213 584 3275 bono:
610 3214 635 3274 si
659 3215 728 3294 quis
748 3223 854 3278 tamen

80 3317 152 3362 cum
166 3301 259 3382 culpa
274 3303 448 3366 dimittatur
461 3324 479 3366 a
494 3305 655 3384 Societate,
669 3309 773 3388 priora
783 3315 855 3371 vota

80 3393 281 3466 reviviscent,
306 3414 371 3456 uon
391 3401 496 3458 autem
520 3399 546 3458 61
571 3399 637 3460 6166
656 3402 760 3480 culpa,
781 3419 855 3462 nam

78 3483 192 3565 implet
208 3487 430 3566 conditionem,
454 3495 485 3550 et
497 3498 683 3570 perseverat,
703 3500 855 3572 quantum

78 3575 112 3637 in
136 3597 171 3640 se
190 3585 249 3647 est,
268 3580 377 3642 Tamb.
404 3582 466 3660 §R
490 3603 521 3643 11.
548 3585 579 3644 6.
599 3585 687 3658 Quod
707 3586 733 3645 si
751 3587 856 3665 priora

76 3676 151 3732 vota
176 3689 244 3733 non
268 3672 331 3732 sint
351 3679 417 3734 616
440 3674 522 3736 vela
542 3676 856 3755 66666166666616111-

77 3767 155 3836 tata,
183 3763 305 3824 etiamsi
328 3765 505 3828 616666666
530 3767 705 3842 dimittaris,
734 3769 857 3830 revivis-

76 3861 164 3932 cent,
182 3856 258 3936 quia
271 3875 327 3936 per
340 3857 490 3937 simplicia
503 3865 574 3920 vota
596 3865 718 3922 tantum
732 3878 857 3940 suspen-

1612 465 1671 526 666

903 642 974 686 6661
987 626 1075 686 Dian.
1100 626 1133 688 16
1150 627 1234 688 6616.
1251 627 1289 688 N.
1303 627 1419 690 Votum
1432 647 1464 690 6.
1486 630 1536 690 66.
1558 637 1673 710 negent

901 723 932 778 te
946 735 1033 798 posse
1055 719 1094 780 ad
1115 721 1251 799 priorem
1272 721 1436 782 materiam
1446 723 1558 798 redire,
1571 724 1596 783 si
1607 741 1671 784 ma-

903 811 979 872 16116
1006 811 1172 890 subrogata
1198 811 1290 873 fuerit
1314 813 1433 890 melior,
1461 815 1536 894 quia
1560 822 1673 895 putant

902 901 1179 962 commutationem
1198 919 1262 962 6666
1276 900 1387 962 factam
1401 903 1434 962 in
1447 903 1585 964 favorem
1601 905 1669 981 Dei,

902 992 956 1072 qui
976 994 1163 1073 acceptavit3
1189 994 1243 1054 sed
1269 994 1351 1055 11666
1375 994 1593 1058 11611161166661
1608 1016 1670 1058 666

901 1085 1069 1146 6661111661
1087 1085 1138 1146 661
1165 1106 1172 1146 1
1194 1091 1305 1146 notant
1325 1093 1432 1146 tamen
1454 1091 1536 1148 recte
1559 1089 1667 1150 Tamb.

901 1197 931 1238 a.
948 1179 976 1239 6.
995 1179 1077 1258 quod
1091 1197 1147 1257 per
1165 1179 1443 1239 commutationem
1456 1181 1580 1260 propria
1596 1201 1669 1244 auc·

900 1271 1024 1330 toritate
1038 1271 1150 1331 factam
1162 1289 1227 1331 non
1238 1274 1441 1332 transieratur
1458 1273 1619 1335 vinculum
1630 1276 1669 1335 66

901 1381 967 1425 6616
982 1364 1190 1442 subrogatam,
1206 1364 1337 1442 ideoque
1352 1365 1483 1424 tenearis
1507 1365 1608 1426 redire
1631 1369 1669 1428 ad

901 1457 1036 1536 priorem
1046 1457 1219 1530 materiam,
1232 1456 1257 1516 si
1271 1457 1339 1518 666
1349 1456 1515 1535 subrogata
1524 1458 1671 1520 reddatur

900 1549 1017 1610 inutilis
1030 1549 1080 1610 vel
1094 1548 1302 1629 impossibilis.
1326 1548 1379 1609 Ea
1403 1548 1494 1609 dictis
1517 1549 1669 1612 solatiatur

902 1641 1037 1702 11166666.

942 1734 1041 1794 Titius
1060 1739 1132 1793 voto
1153 1733 1410 1812 peregrinationis
1432 1735 1584 1796 Romanae
1617 1735 1669 1796 ob·
1694 1733 1751 1793 611

901 1827 1025 1887 strictus
1042 1826 1217 1905 ingreditur
1237 1827 1359 1888 Statum
1372 1826 1576 1904 Religiosum,
1589 1833 1620 1887 et
1636 1829 1670 1888 in

902 1919 1058 1979 Novitiatu
1075 1925 1177 1986 vovet,
1193 1918 1217 1978 si
1230 1919 1264 1978 in
1285 1918 1339 1978 illa
1352 1918 1511 1996 Religione
1525 1938 1590 1980 666
1604 1939 1671 1999 666·

901 2017 1036 2080 maneat,
1064 2030 1095 2072 se
1130 2011 1223 2072 aliam
1251 2013 1475 2090 ingressurum,
1508 2012 1672 2091 profitetur

901 2103 1024 2171 deinde,
1051 2105 1104 2164 sed
1126 2110 1193 2182 6661
1209 2104 1328 2184 aliquot
1341 2123 1441 2164 annos
1453 2104 1493 2164 ob
1507 2105 1618 2165 delicta
1634 2123 1672 2165 611

901 2195 1064 2274 Religione
1092 2196 1283 2275 expellitur:
1309 2198 1342 2257 in
1361 2197 1420 2258 hoc
1441 2216 1522 2268 casu,
1556 2195 1669 2259 1666111.

901 2291 989 2368 66161
1006 2291 1105 2350 teneri
1119 2290 1250 2350 Romam
1267 2289 1429 2369 proticisci,
1452 2289 1525 2368 quia
1539 2290 1572 2349 in
1587 2307 1673 2350 com-

902 2380 1135 2448 mutationibus,
1171 2399 1242 2460 quaa
1277 2401 1296 2441 a
1329 2383 1405 2442 lure
1433 2380 1523 2456 6661,
1548 2381 1673 2442 videtur

903 2472 1094 2551 subintelligi
1115 2474 1168 2535 166
1182 2474 1329 2550 conditio,
1353 2477 1380 2533 61
1402 2478 1432 2533 ia
1457 2473 1582 2534 materia
1598 2491 1672 2553 per-

903 2572 1016 2626 6161616
1035 2567 1241 2646 permanseris.
1264 2567 1447 2647 Oppositum
1461 2570 1546 2626 tenet
1562 2564 1672 2628 Saacd.

903 2659 977 2737 quia
992 2659 1127 2720 nobilior
1141 2661 1341 2720 commutatio
1356 2659 1425 2738 plns
1444 2657 1597 2738 extinguit
1610 2662 1673 2722 voti

903 2751 1014 2829 prioris
1039 2751 1272 2830 obligationem,
1301 2769 1395 2830 quam
1418 2750 1604 2829 ignobilior3
1621 2753 1674 2814 sed

903 2845 1113 2919 commutatio,
1129 2863 1200 2923 quae
1215 2863 1234 2904 a
1247 2843 1438 2923 1116661666
1452 2843 1675 2905 Prolessionem

903 2935 1089 3014 religiosam,
1110 2943 1156 2997 est
1179 2936 1314 2996 nobilior
1335 2936 1400 2997 aliis
1426 2937 1677 2997 commutationi·

903 3026 972 3100 bus,
988 3047 1058 3106 quaa
1076 3028 1114 3089 ab
1126 3029 1254 3089 bomine
1273 3028 1371 3104 fiunt;
1400 3047 1472 3108 ergo
1486 3027 1551 3116 6611
1565 3029 1677 3108 6116616

904 3120 1124 3199 obligationem
1138 3119 1208 3201 plus
1222 3120 1387 3199 extinguit,
1404 3131 1435 3182 et
1450 3125 1675 3200 consequenter

903 3213 962 3273 boo
985 3231 1049 3273 non
1061 3213 1225 3274 reviviscit.
1251 3213 1358 3280 Quoad
1384 3213 1513 3274 alteram
1542 3218 1674 3292 partem,

904 3303 981 3365 Lesa.
998 3310 1086 3384 putat
1098 3305 1213 3364 Titium
1222 3306 1320 3365 teneri
1340 3304 1463 3384 ingredi
1476 3304 1569 3365 aliam
1587 3305 1674 3366 Reli·

904 3396 1040 3476 gionem,
1063 3397 1137 3476 quia
1155 3403 1263 3457 votum
1285 3397 1345 3457 hoc
1364 3395 1559 3475 ingrediendi
1580 3397 1675 3459 aliam

905 3489 1108 3568 Rebgionem,
1133 3489 1158 3549 61
1185 3490 1218 3550 16
1236 3489 1295 3550 666
1314 3507 1378 3550 666
1396 3495 1582 3568 perseveret,
1610 3509 1675 3551 666

905 3581 1674 3661 estcommutatumperProfessionemreligiosam,

905 3691 978 3734 curn
991 3679 1185 3753 assumptum
1202 3672 1294 3734 fuerit
1309 3673 1366 3733 6611
1383 3674 1561 3734 6666111666
1574 3693 1675 3738 cessa-

904 3765 998 3826 tionis
1008 3763 1207 3826 Professionis
1216 3765 1383 3843 religiosae:
1404 3767 1581 3845 oppositum
1593 3772 1678 3828 tenet

909 3855 1043 3936 Castrop.
1068 3857 1142 3935 quia
1163 3875 1226 3917 666
1250 3862 1296 3917 661
1323 3857 1423 3934 major
1442 3859 1520 3918 ratio
1548 3859 1587 3919 de
1604 3865 1676 3920 voto

77 3946 217 4012 duntur.
244 3953 276 4010 et
301 3967 358 4028 per
383 3950 480 4011 solam
505 3951 726 4031 professionem
756 3954 855 4013 extin—
905 3948 1098 4028 ingrediendi
1112 3948 1205 4008 aliam
1220 3948 1423 4027 Religionem,
1438 3967 1533 4028 quam
1547 3950 1675 4030 dequo-

75 4045 239 4118 geruntur,
265 4041 374 4102 Tamb.
399 4061 429 4105 11.
459 4045 489 4104 8.
514 4043 551 4104 V.
577 4043 668 4106 Dian.
690 4063 724 4125 p.
740 4046 808 4106 3.1.
825 4047 855 4106 1.
906 4042 951 4102 vis
964 4041 1025 4102 alio
1036 4045 1127 4100 voto:
1144 4059 1217 4118 ergo
1231 4039 1308 4100 illud
1323 4040 1463 4102 similiter
1478 4043 1677 4122 extinguetur

75 4131 120 4193 R.
138 4135 196 4196 71.
906 4151 962 4214 661
986 4133 1120 4211 primam
1146 4131 1371 4193 Prolessionem
1399 4155 1405 4193 :
1442 4136 1602 4196 sententiaa
1626 4137 1676 4196 1161

25 4241 48 4302 6
120 4225 211 4301 glo,
229 4225 321 4286 Facto
339 4243 395 4305 per
411 4225 583 4301 legitimam
608 4227 858 4290 iurisdictionem
908 4231 982 4287 6661
1000 4225 1185 4304 probabiles,
1211 4227 1370 4286 sententiae
1393 4232 1497 4287 tamen
1519 4226 1676 4290 86661661

75 4319 332 4378 commutatione
345 4319 537 4398 extinguitur
548 4319 633 4398 prius
647 4323 766 4396 votum,
781 4321 856 4383 hinc
907 4317 984 4380 Lesa.
1001 4317 1147 4378 videntur
1156 4315 1378 4378 conformiores
1392 4317 1488 4380 dictis.

72 4409 102 4470 61
126 4411 267 4472 materia
289 4410 455 4489 subrogata
469 4411 521 4472 ilat
533 4410 663 4486 inutilis,
679 4411 730 4472 vel
744 4413 858 4492 impos·
947 4409 1210 4488 Cajusobstrictus
1220 4413 1293 4470 voto
1304 4409 1473 4487 Religionis
1484 4410 1603 4472 obtinet
1617 4413 1675 4473 616
1701 4421 1761 4480 1118

71 4502 198 4579 sibilis,
219 4503 312 4564 ctiam
335 4521 373 4564 ex
387 4503 477 4583 culpa
491 4504 640 4580 voventis,
656 4522 720 4565 non
735 4509 858 4566 tenetur
906 4502 1119 4581 pausationem
1133 4501 1334 4562 contrahendi
1356 4503 1589 4564 Matrimonium
1603 4523 1675 4566 cum

68 4595 190 4658 redire
216 4596 255 4657 66
281 4597 367 4675 prius
382 4603 491 4657 votum
517 4617 523 4657 :
553 4603 583 4657 et
602 4597 791 4676 probabilius
811 4605 857 4660 est
908 4593 1159 4673 Caja,subonere
1173 4594 1422 4655 commutationis
1434 4595 1468 4656 in
1480 4595 1675 4658 sabbatinum

70 4689 170 4750 idem
189 4687 291 4749 valere
314 4689 407 4750 etiam
424 4689 457 4750 in
470 4690 548 4751 votis
567 4689 671 4750 saccali
690 4696 859 4751 commuta-
903 4687 1071 4765 jejunium.
1108 4687 1182 4764 CaJ’a
1201 4686 1335 4747 moritur
1361 4687 1496 4748 secundo
1520 4705 1615 4765 anno,
1641 4690 1675 4750 16

67 4781 115 4842 116
129 4781 169 4840 vi
184 4780 327 4841 Profeasis
346 4781 507 4860 religiosae,
524 4782 550 4842 si
568 4783 636 4860 quis
650 4781 683 4842 in
697 4782 856 4859 saeculum,
907 4778 967 4840 hoc
995 4797 1066 4839 casu
1098 4776 1208 4839 Saacd.
1246 4784 1337 4858 putat
1370 4779 1477 4858 Cajum
1503 4781 1604 4840 teneri
1637 4783 1677 4843 ad

70 4879 229 4934 attamen
256 4873 322 4933 sine
350 4873 440 4952 culpa
462 4891 529 4948 sua,
565 4891 604 4934 ex
632 4873 858 4953 dispensatione
908 4875 1072 4949 utramque
1081 4871 1243 4931 materiam
1254 4872 1478 4951 exequendam,
1495 4889 1568 4932 nam
1583 4875 1676 4952 primi

69 4965 183 5044 Papae
206 4964 329 5036 rediret,
350 4965 470 5043 Tam.§
492 4967 522 5024 7.
546 4983 577 5026 a.
608 4967 636 5025 l.
659 4965 741 5026 Licet
754 4971 858 5028 autem
907 4963 971 5024 voti
995 4962 1141 5041 obligatio
1164 4963 1266 5038 rediit,
1282 4963 1316 5023 in
1330 4981 1391 5042 qua
1411 4963 1533 5024 videtur
1552 4964 1676 5044 dispen-

67 5057 122 5118 sic
149 5056 354 5134 extinguatur
381 5057 467 5138 prius
488 5062 606 5131 votum,
623 5062 728 5118 tamen
743 5075 782 5118 ex
804 5058 858 5119 be·
907 5063 1009 5116 satum
1022 5073 1089 5115 6666
1101 5059 1225 5115 1661616
1247 5073 1303 5135 616
1320 5061 1459 5135 16166666
1487 5055 1677 5120 Matrimonii

64 5149 199 5228 migma,
227 5154 258 5209 et
278 5149 508 5229 interpretativa
539 5167 690 5210 consensu
717 5150 858 5212 Ecclesiae
908 5165 980 5208 cum
995 5147 1089 5224 Caja:
1114 5147 1252 5207 materiae
1271 5152 1377 5207 autem
1395 5147 1537 5208 secundm
1555 5148 1676 5229 obligo-

66 5241 217 5322 poteris,
238 5242 264 5302 si
285 5241 372 5318 velis,
390 5242 431 5302 ad
454 5241 531 5302 illud
554 5242 666 5316 redire,
684 5241 752 5303 loco
767 5249 860 5304 mato·
907 5241 1025 5300 tionem
1043 5243 1132 5318 putat
1151 5239 1251 5314 colligi
1272 5257 1310 5299 ex
1324 5239 1416 5300 modo
1429 5239 1584 5301 scribendi
1598 5242 1677 5304 Pon-

64 5337 137 5398 6166
176 5335 359 5413 subrogata,
392 5333 592 5395 commutatio
619 5333 703 5394 enim
738 5334 859 5395 videtur
907 5330 1008 5407 116616,
1037 5349 1099 5410 quo
1132 5331 1298 5392 denotatur
1320 5331 1510 5411 perpetuitas
1539 5336 1676 5396 materiae

63 5431 172 5492 facta
187 5427 220 5487 in
229 5426 428 5494 favoremtui,
440 5432 475 5486 ut
485 5426 646 5487 materiam
659 5425 857 5504 subrogatam
908 5429 1114 5503 permutata:
1140 5441 1156 5484 e
1182 5428 1289 5483 contra
1311 5421 1445 5503 Castrop.
1475 5423 1551 5484 dana
1575 5427 1676 5489 redire

63 5521 227 5603 expleas,
241 5520 266 5580 ai
280 5518 360 5580 nolis
373 5518 520 5598 priorem,
536 5519 617 5578 Less.
640 5519 748 5596 Luym.
766 5517 855 5597 Spar,
908 5516 1020 5597 prioris
1037 5516 1102 5577 voti
1122 5514 1353 5592 obligationem,
1374 5514 1563 5593 probabilius
1584 5527 1678 5598 negat

62 5638 97 5680 c.
121 5617 165 5677 8.
192 5631 224 5674 a.
248 5613 315 5674 136.
336 5611 477 5691 quamvis
504 5611 593 5672 Suar.
621 5609 735 5671 Suncb.
755 5615 786 5671 et
807 5610 859 5671 661
908 5625 1034 5669 1666666
1048 5607 1269 5686 obligationem
1284 5607 1421 5685 secundi,
1436 5608 1511 5686 quia
1523 5612 1677 5688 generatis
