<?xml version="1.0" encoding="UTF-8"?>
<!DOCTYPE html PUBLIC "-//W3C//DTD XHTML 1.0 Transitional//EN"
    "http://www.w3.org/TR/xhtml1/DTD/xhtml1-transitional.dtd">
<html xmlns="http://www.w3.org/1999/xhtml" xml:lang="en" lang="en">
 <head>
  <title>
</title>
<meta http-equiv="Content-Type" content="text/html;charset=utf-8" />
  <meta name='ocr-system' content='tesseract 3.04.00' />
  <meta name='ocr-capabilities' content='ocr_page ocr_carea ocr_par ocr_line ocrx_word'/>
</head>
<body>
  <div class='ocr_page' id='page_1' title='image "./theologiamorali00busegoog_0344.png"; bbox 0 0 3964 6348; ppageno 0'>
   <div class='ocr_carea' id='block_1_1' title="bbox 332 382 1260 443">
    <p class='ocr_par' dir='ltr' id='par_1_1' title="bbox 332 382 1260 443">
     <span class='ocr_line' id='line_1_1' title="bbox 332 382 1260 443; baseline 0.001 -3"><span class='ocrx_word' id='word_1_1' title='bbox 332 385 389 442; x_wconf 73' lang='lat' dir='ltr'>:tto</span> <span class='ocrx_word' id='word_1_2' title='bbox 982 384 1095 443; x_wconf 85' lang='lat' dir='ltr'>LlBER</span> <span class='ocrx_word' id='word_1_3' title='bbox 1118 382 1260 442; x_wconf 82' lang='lat' dir='ltr'>PltllllUS</span> 
     </span>
    </p>
   </div>
   <div class='ocr_carea' id='block_1_2' title="bbox 247 541 1979 5621">
    <p class='ocr_par' dir='ltr' id='par_1_2' title="bbox 247 541 1979 2662">
     <span class='ocr_line' id='line_1_2' title="bbox 247 541 1896 629; baseline -0.001 -21"><span class='ocrx_word' id='word_1_4' title='bbox 247 541 306 602; x_wconf 70' lang='lat'>295</span> <span class='ocrx_word' id='word_1_5' title='bbox 371 549 457 629; x_wconf 84' lang='lat' dir='ltr'>Resp.</span> <span class='ocrx_word' id='word_1_6' title='bbox 484 553 511 610; x_wconf 91' lang='lat' dir='ltr'>l.</span> <span class='ocrx_word' id='word_1_7' title='bbox 538 551 1096 629; x_wconf 74' lang='grc'>1166616666166616666666666666-</span> <span class='ocrx_word' id='word_1_8' title='bbox 1148 566 1188 608; x_wconf 90' lang='grc'>66</span> <span class='ocrx_word' id='word_1_9' title='bbox 1213 546 1392 607; x_wconf 79' lang='lat' dir='ltr'>tendamus</span> <span class='ocrx_word' id='word_1_10' title='bbox 1418 545 1560 614; x_wconf 83' lang='lat' dir='ltr'>laxando,</span> <span class='ocrx_word' id='word_1_11' title='bbox 1589 551 1770 605; x_wconf 86' lang='grc'>66666166</span> <span class='ocrx_word' id='word_1_12' title='bbox 1787 547 1896 606; x_wconf 89' lang='lat' dir='ltr'>restrin-</span> 
     </span>
     <span class='ocr_line' id='line_1_3' title="bbox 330 637 1979 722; baseline 0 -23"><span class='ocrx_word' id='word_1_13' title='bbox 330 645 407 716; x_wconf 88' lang='lat' dir='ltr'>tam,</span> <span class='ocrx_word' id='word_1_14' title='bbox 424 643 506 720; x_wconf 90' lang='lat' dir='ltr'>quod</span> <span class='ocrx_word' id='word_1_15' title='bbox 519 642 654 722; x_wconf 88' lang='lat' dir='ltr'>benigna</span> <span class='ocrx_word' id='word_1_16' title='bbox 668 643 717 717; x_wconf 88' lang='lat' dir='ltr'>sit,</span> <span class='ocrx_word' id='word_1_17' title='bbox 733 661 805 702; x_wconf 89' lang='lat' dir='ltr'>cum</span> <span class='ocrx_word' id='word_1_18' title='bbox 818 642 985 721; x_wconf 77' lang='lat' dir='ltr'><strong>Scriptura,</strong></span> <span class='ocrx_word' id='word_1_19' title='bbox 999 647 1029 702; x_wconf 90' lang='lat' dir='ltr'>et</span> <span class='ocrx_word' id='word_1_20' title='bbox 1044 642 1097 701; x_wconf 84' lang='lat' dir='ltr'>SS.</span> <span class='ocrx_word' id='word_1_21' title='bbox 1148 639 1249 717; x_wconf 87' lang='lat' dir='ltr'>gendo</span> <span class='ocrx_word' id='word_1_22' title='bbox 1263 638 1454 698; x_wconf 85' lang='lat' dir='ltr'>libertatem:</span> <span class='ocrx_word' id='word_1_23' title='bbox 1476 638 1549 698; x_wconf 87' lang='lat' dir='ltr'>binc</span> <span class='ocrx_word' id='word_1_24' title='bbox 1570 637 1666 698; x_wconf 77' lang='lat' dir='ltr'>Arest.</span> <span class='ocrx_word' id='word_1_25' title='bbox 1689 637 1784 712; x_wconf 88' lang='lat' dir='ltr'>Etbic,</span> <span class='ocrx_word' id='word_1_26' title='bbox 1799 657 1859 717; x_wconf 89' lang='lat' dir='ltr'>cap.</span> <span class='ocrx_word' id='word_1_27' title='bbox 1872 641 1895 699; x_wconf 84' lang='lat' dir='ltr'>a</span> <span class='ocrx_word' id='word_1_28' title='bbox 1978 715 1979 720; x_wconf 12' lang='grc'>1</span> 
     </span>
     <span class='ocr_line' id='line_1_4' title="bbox 332 729 1900 812; baseline 0 -21"><span class='ocrx_word' id='word_1_29' title='bbox 332 733 388 794; x_wconf 85' lang='grc' dir='ltr'>ΡΡ.</span> <span class='ocrx_word' id='word_1_30' title='bbox 401 733 516 812; x_wconf 90' lang='lat' dir='ltr'>ubique</span> <span class='ocrx_word' id='word_1_31' title='bbox 535 735 650 810; x_wconf 88' lang='lat' dir='ltr'>dicant,</span> <span class='ocrx_word' id='word_1_32' title='bbox 671 735 754 796; x_wconf 91' lang='lat' dir='ltr'>viam</span> <span class='ocrx_word' id='word_1_33' title='bbox 769 736 807 796; x_wconf 91' lang='lat' dir='ltr'>ad</span> <span class='ocrx_word' id='word_1_34' title='bbox 831 735 943 796; x_wconf 85' lang='lat' dir='ltr'>ooelum</span> <span class='ocrx_word' id='word_1_35' title='bbox 958 752 1022 794; x_wconf 90' lang='lat' dir='ltr'>esse</span> <span class='ocrx_word' id='word_1_36' title='bbox 1033 752 1101 793; x_wconf 87' lang='lat' dir='ltr'>arc·</span> <span class='ocrx_word' id='word_1_37' title='bbox 1149 732 1201 807; x_wconf 90' lang='lat' dir='ltr'>ait,</span> <span class='ocrx_word' id='word_1_38' title='bbox 1219 731 1317 809; x_wconf 87' lang='lat' dir='ltr'>magis</span> <span class='ocrx_word' id='word_1_39' title='bbox 1331 731 1540 791; x_wconf 90' lang='lat' dir='ltr'>recedendum</span> <span class='ocrx_word' id='word_1_40' title='bbox 1552 729 1648 804; x_wconf 87' lang='lat' dir='ltr'>abeo,</span> <span class='ocrx_word' id='word_1_41' title='bbox 1663 729 1703 789; x_wconf 93' lang='lat' dir='ltr'>ad</span> <span class='ocrx_word' id='word_1_42' title='bbox 1714 729 1795 809; x_wconf 87' lang='lat' dir='ltr'>quod</span> <span class='ocrx_word' id='word_1_43' title='bbox 1805 737 1900 791; x_wconf 87' lang='lat' dir='ltr'>natura</span> 
     </span>
     <span class='ocr_line' id='line_1_5' title="bbox 330 821 1901 906; baseline 0 -23"><span class='ocrx_word' id='word_1_44' title='bbox 330 827 405 900; x_wconf 90' lang='lat' dir='ltr'>tam,</span> <span class='ocrx_word' id='word_1_45' title='bbox 422 844 477 904; x_wconf 90' lang='lat' dir='ltr'>per</span> <span class='ocrx_word' id='word_1_46' title='bbox 496 827 619 901; x_wconf 72' lang='grc'>(166661</span> <span class='ocrx_word' id='word_1_47' title='bbox 638 845 797 906; x_wconf 83' lang='lat' dir='ltr'>asperano</span> <span class='ocrx_word' id='word_1_48' title='bbox 819 827 1021 887; x_wconf 90' lang='lat' dir='ltr'>tendendum.</span> <span class='ocrx_word' id='word_1_49' title='bbox 1038 823 1101 886; x_wconf 84' lang='lat' dir='ltr'>Nec</span> <span class='ocrx_word' id='word_1_50' title='bbox 1149 840 1256 882; x_wconf 88' lang='lat' dir='ltr'>sumus</span> <span class='ocrx_word' id='word_1_51' title='bbox 1270 823 1493 902; x_wconf 79' lang='lat' dir='ltr'>propensiores,</span> <span class='ocrx_word' id='word_1_52' title='bbox 1512 821 1623 883; x_wconf 85' lang='lat' dir='ltr'>Contra</span> <span class='ocrx_word' id='word_1_53' title='bbox 1633 827 1690 894; x_wconf 91' lang='lat' dir='ltr'>est,</span> <span class='ocrx_word' id='word_1_54' title='bbox 1701 839 1774 882; x_wconf 91' lang='lat' dir='ltr'>nam</span> <span class='ocrx_word' id='word_1_55' title='bbox 1786 840 1852 882; x_wconf 90' lang='lat' dir='ltr'>cum</span> <span class='ocrx_word' id='word_1_56' title='bbox 1859 823 1901 883; x_wconf 89' lang='lat' dir='ltr'>bic</span> 
     </span>
     <span class='ocr_line' id='line_1_6' title="bbox 331 915 1979 1008; baseline -0.001 -33"><span class='ocrx_word' id='word_1_57' title='bbox 331 915 433 992; x_wconf 78' lang='lat' dir='ltr'><strong><em>obstat,</em></strong></span> <span class='ocrx_word' id='word_1_58' title='bbox 449 920 533 996; x_wconf 90' lang='lat' dir='ltr'>quod</span> <span class='ocrx_word' id='word_1_59' title='bbox 548 920 688 980; x_wconf 89' lang='lat' dir='ltr'>Christus</span> <span class='ocrx_word' id='word_1_60' title='bbox 706 921 786 980; x_wconf 90' lang='lat' dir='ltr'>dicat</span> <span class='ocrx_word' id='word_1_61' title='bbox 803 921 916 998; x_wconf 83' lang='lat' dir='ltr'>jugum</span> <span class='ocrx_word' id='word_1_62' title='bbox 932 938 1023 980; x_wconf 90' lang='lat' dir='ltr'>suum</span> <span class='ocrx_word' id='word_1_63' title='bbox 1036 937 1100 979; x_wconf 89' lang='lat' dir='ltr'>esse</span> <span class='ocrx_word' id='word_1_64' title='bbox 1150 934 1251 976; x_wconf 88' lang='lat' dir='ltr'>sermo</span> <span class='ocrx_word' id='word_1_65' title='bbox 1265 915 1902 994; x_wconf 83' lang='lat' dir='ltr'>sitdeignorantialegum,queequamvissit</span> <span class='ocrx_word' id='word_1_66' title='bbox 1978 967 1979 1008; x_wconf 58' lang='grc'>1</span> 
     </span>
     <span class='ocr_line' id='line_1_7' title="bbox 331 1007 1979 1090; baseline -0.001 -22"><span class='ocrx_word' id='word_1_67' title='bbox 331 1027 434 1084; x_wconf 83' lang='lat' dir='ltr'>suave,</span> <span class='ocrx_word' id='word_1_68' title='bbox 461 1029 536 1071; x_wconf 88' lang='lat' dir='ltr'>nam</span> <span class='ocrx_word' id='word_1_69' title='bbox 563 1029 656 1072; x_wconf 77' lang='lat' dir='ltr'>suane</span> <span class='ocrx_word' id='word_1_70' title='bbox 682 1030 745 1072; x_wconf 91' lang='lat' dir='ltr'>non</span> <span class='ocrx_word' id='word_1_71' title='bbox 774 1018 821 1071; x_wconf 89' lang='lat' dir='ltr'>est</span> <span class='ocrx_word' id='word_1_72' title='bbox 849 1012 1002 1072; x_wconf 75' lang='lat' dir='ltr'>carebas</span> <span class='ocrx_word' id='word_1_73' title='bbox 1028 1011 1101 1090; x_wconf 88' lang='lat' dir='ltr'>ipsis</span> <span class='ocrx_word' id='word_1_74' title='bbox 1150 1007 1345 1080; x_wconf 83' lang='lat' dir='ltr'>invincibilis,</span> <span class='ocrx_word' id='word_1_75' title='bbox 1370 1013 1476 1068; x_wconf 90' lang='lat' dir='ltr'>tamen</span> <span class='ocrx_word' id='word_1_76' title='bbox 1495 1012 1541 1067; x_wconf 91' lang='grc'>661</span> <span class='ocrx_word' id='word_1_77' title='bbox 1554 1025 1646 1086; x_wconf 85' lang='lat' dir='ltr'>poena</span> <span class='ocrx_word' id='word_1_78' title='bbox 1666 1007 1789 1085; x_wconf 76' lang='lat' dir='ltr'>peccati,</span> <span class='ocrx_word' id='word_1_79' title='bbox 1802 1025 1903 1086; x_wconf 81' lang='lat' dir='ltr'>praesu·</span> <span class='ocrx_word' id='word_1_80' title='bbox 1978 1051 1979 1056; x_wconf 19' lang='grc' dir='ltr'>η</span> 
     </span>
     <span class='ocr_line' id='line_1_8' title="bbox 331 1099 1905 1182; baseline -0.001 -21"><span class='ocrx_word' id='word_1_81' title='bbox 331 1103 500 1181; x_wconf 80' lang='lat' dir='ltr'>praeceptis,</span> <span class='ocrx_word' id='word_1_82' title='bbox 523 1104 577 1164; x_wconf 88' lang='lat' dir='ltr'>sed</span> <span class='ocrx_word' id='word_1_83' title='bbox 593 1110 729 1181; x_wconf 87' lang='lat' dir='ltr'>tantum,</span> <span class='ocrx_word' id='word_1_84' title='bbox 752 1104 866 1182; x_wconf 88' lang='lat' dir='ltr'>partim</span> <span class='ocrx_word' id='word_1_85' title='bbox 888 1122 926 1164; x_wconf 88' lang='lat' dir='ltr'>ex</span> <span class='ocrx_word' id='word_1_86' title='bbox 939 1103 1054 1182; x_wconf 84' lang='lat' dir='ltr'>gratiis,</span> <span class='ocrx_word' id='word_1_87' title='bbox 1071 1109 1102 1163; x_wconf 88' lang='grc'>61</span> <span class='ocrx_word' id='word_1_88' title='bbox 1150 1101 1301 1160; x_wconf 90' lang='lat' dir='ltr'>mendum</span> <span class='ocrx_word' id='word_1_89' title='bbox 1314 1105 1449 1176; x_wconf 89' lang='grc'>666661,</span> <span class='ocrx_word' id='word_1_90' title='bbox 1474 1100 1558 1178; x_wconf 90' lang='lat' dir='ltr'>quod</span> <span class='ocrx_word' id='word_1_91' title='bbox 1570 1106 1683 1161; x_wconf 88' lang='lat' dir='ltr'>natura</span> <span class='ocrx_word' id='word_1_92' title='bbox 1695 1099 1780 1178; x_wconf 89' lang='lat' dir='ltr'>lapsa</span> <span class='ocrx_word' id='word_1_93' title='bbox 1792 1099 1905 1160; x_wconf 81' lang='grc'>1661661-</span> 
     </span>
     <span class='ocr_line' id='line_1_9' title="bbox 330 1191 1904 1276; baseline 0 -25"><span class='ocrx_word' id='word_1_94' title='bbox 330 1194 452 1254; x_wconf 84' lang='lat' dir='ltr'>auxiliis</span> <span class='ocrx_word' id='word_1_95' title='bbox 472 1196 594 1273; x_wconf 87' lang='lat' dir='ltr'>divinis,</span> <span class='ocrx_word' id='word_1_96' title='bbox 619 1199 732 1276; x_wconf 88' lang='lat' dir='ltr'>partim</span> <span class='ocrx_word' id='word_1_97' title='bbox 757 1215 794 1256; x_wconf 84' lang='lat' dir='ltr'>ex</span> <span class='ocrx_word' id='word_1_98' title='bbox 817 1196 928 1257; x_wconf 86' lang='lat' dir='ltr'>affectu</span> <span class='ocrx_word' id='word_1_99' title='bbox 940 1196 1008 1276; x_wconf 84' lang='lat' dir='ltr'>pio,</span> <span class='ocrx_word' id='word_1_100' title='bbox 1024 1215 1101 1274; x_wconf 83' lang='lat' dir='ltr'>prae·</span> <span class='ocrx_word' id='word_1_101' title='bbox 1150 1192 1252 1253; x_wconf 87' lang='lat' dir='ltr'>bilitar</span> <span class='ocrx_word' id='word_1_102' title='bbox 1265 1193 1389 1271; x_wconf 77' lang='lat' dir='ltr'>ignoret</span> <span class='ocrx_word' id='word_1_103' title='bbox 1402 1193 1515 1252; x_wconf 86' lang='lat' dir='ltr'>multas</span> <span class='ocrx_word' id='word_1_104' title='bbox 1529 1191 1622 1271; x_wconf 86' lang='lat' dir='ltr'>leges,</span> <span class='ocrx_word' id='word_1_105' title='bbox 1643 1211 1683 1252; x_wconf 91' lang='lat' dir='ltr'>ne</span> <span class='ocrx_word' id='word_1_106' title='bbox 1706 1210 1745 1252; x_wconf 82' lang='lat' dir='ltr'>ex</span> <span class='ocrx_word' id='word_1_107' title='bbox 1758 1210 1811 1252; x_wconf 90' lang='lat' dir='ltr'>sua</span> <span class='ocrx_word' id='word_1_108' title='bbox 1829 1193 1904 1272; x_wconf 88' lang='lat' dir='ltr'>culpa</span> 
     </span>
     <span class='ocr_line' id='line_1_10' title="bbox 331 1285 1979 1369; baseline 0.002 -25"><span class='ocrx_word' id='word_1_109' title='bbox 331 1287 436 1347; x_wconf 89' lang='lat' dir='ltr'>sertim</span> <span class='ocrx_word' id='word_1_110' title='bbox 446 1288 616 1350; x_wconf 77' lang='lat' dir='ltr'>dilectionis</span> <span class='ocrx_word' id='word_1_111' title='bbox 631 1308 704 1367; x_wconf 89' lang='lat' dir='ltr'>erga</span> <span class='ocrx_word' id='word_1_112' title='bbox 719 1291 826 1350; x_wconf 88' lang='lat' dir='ltr'>Deum.</span> <span class='ocrx_word' id='word_1_113' title='bbox 841 1290 887 1348; x_wconf 89' lang='lat' dir='ltr'>Ita</span> <span class='ocrx_word' id='word_1_114' title='bbox 900 1289 974 1349; x_wconf 86' lang='lat' dir='ltr'>Eliz.</span> <span class='ocrx_word' id='word_1_115' title='bbox 988 1288 1009 1348; x_wconf 90' lang='grc'>1.</span> <span class='ocrx_word' id='word_1_116' title='bbox 1026 1291 1056 1348; x_wconf 89' lang='lat' dir='ltr'>o.</span> <span class='ocrx_word' id='word_1_117' title='bbox 1069 1307 1098 1369; x_wconf 80' lang='lat' dir='ltr'>q.</span> <span class='ocrx_word' id='word_1_118' title='bbox 1150 1290 1286 1364; x_wconf 78' lang='lat' dir='ltr'>reportet</span> <span class='ocrx_word' id='word_1_119' title='bbox 1299 1285 1518 1346; x_wconf 85' lang='lat' dir='ltr'>commodum:</span> <span class='ocrx_word' id='word_1_120' title='bbox 1534 1303 1573 1346; x_wconf 83' lang='lat' dir='ltr'>ex</span> <span class='ocrx_word' id='word_1_121' title='bbox 1586 1285 1715 1345; x_wconf 90' lang='lat' dir='ltr'>adverso</span> <span class='ocrx_word' id='word_1_122' title='bbox 1730 1285 1830 1364; x_wconf 87' lang='lat' dir='ltr'>potius</span> <span class='ocrx_word' id='word_1_123' title='bbox 1842 1303 1906 1364; x_wconf 73' lang='lat' dir='ltr'>pre</span> <span class='ocrx_word' id='word_1_124' title='bbox 1978 1319 1979 1348; x_wconf 72' lang='lat'>3</span> 
     </span>
     <span class='ocr_line' id='line_1_11' title="bbox 332 1373 1979 1463; baseline -0.001 -25"><span class='ocrx_word' id='word_1_125' title='bbox 332 1380 361 1440; x_wconf 82' lang='lat'>5.</span> <span class='ocrx_word' id='word_1_126' title='bbox 381 1379 434 1440; x_wconf 80' lang='lat' dir='ltr'>aab</span> <span class='ocrx_word' id='word_1_127' title='bbox 453 1379 553 1461; x_wconf 78' lang='lat' dir='ltr'>finem,</span> <span class='ocrx_word' id='word_1_128' title='bbox 576 1390 603 1442; x_wconf 89' lang='lat' dir='ltr'>et</span> <span class='ocrx_word' id='word_1_129' title='bbox 623 1402 653 1463; x_wconf 82' lang='lat' dir='ltr'>p.</span> <span class='ocrx_word' id='word_1_130' title='bbox 670 1385 700 1442; x_wconf 81' lang='grc'>9.</span> <span class='ocrx_word' id='word_1_131' title='bbox 723 1382 751 1460; x_wconf 81' lang='lat'>§.</span> <span class='ocrx_word' id='word_1_132' title='bbox 767 1384 797 1442; x_wconf 87' lang='grc'>6.</span> <span class='ocrx_word' id='word_1_133' title='bbox 824 1379 932 1442; x_wconf 79' lang='lat' dir='ltr'>Contra</span> <span class='ocrx_word' id='word_1_134' title='bbox 954 1386 1010 1454; x_wconf 88' lang='lat' dir='ltr'>est,</span> <span class='ocrx_word' id='word_1_135' title='bbox 1027 1399 1102 1441; x_wconf 89' lang='lat' dir='ltr'>nam</span> <span class='ocrx_word' id='word_1_136' title='bbox 1151 1379 1339 1439; x_wconf 89' lang='lat' dir='ltr'>sumendum</span> <span class='ocrx_word' id='word_1_137' title='bbox 1357 1389 1413 1452; x_wconf 83' lang='lat' dir='ltr'>est,</span> <span class='ocrx_word' id='word_1_138' title='bbox 1429 1379 1513 1458; x_wconf 88' lang='lat' dir='ltr'>quod</span> <span class='ocrx_word' id='word_1_139' title='bbox 1529 1380 1609 1438; x_wconf 88' lang='lat' dir='ltr'>Deus</span> <span class='ocrx_word' id='word_1_140' title='bbox 1624 1377 1793 1457; x_wconf 88' lang='lat' dir='ltr'>permittat,</span> <span class='ocrx_word' id='word_1_141' title='bbox 1808 1383 1841 1437; x_wconf 91' lang='grc'>61</span> <span class='ocrx_word' id='word_1_142' title='bbox 1852 1378 1906 1457; x_wconf 85' lang='lat' dir='ltr'>ipsa</span> <span class='ocrx_word' id='word_1_143' title='bbox 1978 1373 1979 1456; x_wconf 67' lang='lat'>,</span> 
     </span>
     <span class='ocr_line' id='line_1_12' title="bbox 332 1468 1979 1551; baseline -0.002 -20"><span class='ocrx_word' id='word_1_144' title='bbox 332 1472 488 1551; x_wconf 79' lang='lat' dir='ltr'>Scriptura</span> <span class='ocrx_word' id='word_1_145' title='bbox 502 1468 607 1536; x_wconf 81' lang='lat' dir='ltr'>addit:</span> <span class='ocrx_word' id='word_1_146' title='bbox 623 1478 651 1534; x_wconf 95' lang='grc'>1.</span> <span class='ocrx_word' id='word_1_147' title='bbox 668 1477 759 1542; x_wconf 89' lang='lat' dir='ltr'>Joan,</span> <span class='ocrx_word' id='word_1_148' title='bbox 777 1476 805 1537; x_wconf 82' lang='lat' dir='ltr'>b.</span> <span class='ocrx_word' id='word_1_149' title='bbox 825 1493 854 1534; x_wconf 80' lang='lat' dir='ltr'>v.</span> <span class='ocrx_word' id='word_1_150' title='bbox 874 1476 901 1534; x_wconf 88' lang='lat'>3.</span> <span class='ocrx_word' id='word_1_151' title='bbox 917 1481 945 1534; x_wconf 87' lang='grc'>61</span> <span class='ocrx_word' id='word_1_152' title='bbox 960 1473 1102 1535; x_wconf 75' lang='lat' dir='ltr'>inundata</span> <span class='ocrx_word' id='word_1_153' title='bbox 1152 1470 1369 1532; x_wconf 88' lang='lat' dir='ltr'>invincibiliter</span> <span class='ocrx_word' id='word_1_154' title='bbox 1382 1472 1440 1531; x_wconf 92' lang='lat' dir='ltr'>sibi</span> <span class='ocrx_word' id='word_1_155' title='bbox 1451 1472 1593 1551; x_wconf 86' lang='lat' dir='ltr'>imponat</span> <span class='ocrx_word' id='word_1_156' title='bbox 1607 1470 1711 1551; x_wconf 88' lang='lat' dir='ltr'>plures</span> <span class='ocrx_word' id='word_1_157' title='bbox 1721 1470 1815 1550; x_wconf 83' lang='lat' dir='ltr'>leges,</span> <span class='ocrx_word' id='word_1_158' title='bbox 1827 1489 1907 1549; x_wconf 90' lang='lat' dir='ltr'>quam</span> <span class='ocrx_word' id='word_1_159' title='bbox 1978 1469 1979 1528; x_wconf 72' lang='grc' dir='ltr'><em>ἒ</em></span> 
     </span>
     <span class='ocr_line' id='line_1_13' title="bbox 331 1563 1979 1644; baseline 0.001 -21"><span class='ocrx_word' id='word_1_160' title='bbox 331 1563 393 1644; x_wconf 79' lang='lat' dir='ltr'>ejas</span> <span class='ocrx_word' id='word_1_161' title='bbox 405 1565 575 1644; x_wconf 76' lang='lat' dir='ltr'>praoiaaoo</span> <span class='ocrx_word' id='word_1_162' title='bbox 588 1575 667 1643; x_wconf 85' lang='lat' dir='ltr'>sont,</span> <span class='ocrx_word' id='word_1_163' title='bbox 679 1572 710 1627; x_wconf 91' lang='grc'>61</span> <span class='ocrx_word' id='word_1_164' title='bbox 720 1566 792 1627; x_wconf 87' lang='grc'>11661</span> <span class='ocrx_word' id='word_1_165' title='bbox 808 1566 904 1642; x_wconf 86' lang='grc'>66661,</span> <span class='ocrx_word' id='word_1_166' title='bbox 915 1572 946 1626; x_wconf 89' lang='grc'>61</span> <span class='ocrx_word' id='word_1_167' title='bbox 958 1565 1103 1644; x_wconf 87' lang='grc'>66636161</span> <span class='ocrx_word' id='word_1_168' title='bbox 1152 1564 1251 1643; x_wconf 91' lang='lat' dir='ltr'>reipsa</span> <span class='ocrx_word' id='word_1_169' title='bbox 1261 1564 1332 1640; x_wconf 89' lang='lat' dir='ltr'>siut,</span> <span class='ocrx_word' id='word_1_170' title='bbox 1348 1569 1384 1624; x_wconf 91' lang='lat' dir='ltr'>ut</span> <span class='ocrx_word' id='word_1_171' title='bbox 1393 1565 1436 1624; x_wconf 90' lang='lat' dir='ltr'>ita</span> <span class='ocrx_word' id='word_1_172' title='bbox 1452 1581 1545 1625; x_wconf 89' lang='lat' dir='ltr'>suum</span> <span class='ocrx_word' id='word_1_173' title='bbox 1560 1581 1639 1624; x_wconf 88' lang='lat' dir='ltr'>onus</span> <span class='ocrx_word' id='word_1_174' title='bbox 1653 1569 1818 1642; x_wconf 78' lang='lat' dir='ltr'>aggravet:</span> <span class='ocrx_word' id='word_1_175' title='bbox 1834 1565 1907 1624; x_wconf 83' lang='lat' dir='ltr'>etsie</span> <span class='ocrx_word' id='word_1_176' title='bbox 1977 1563 1979 1636; x_wconf 60' lang='lat' dir='ltr'>l</span> 
     </span>
     <span class='ocr_line' id='line_1_14' title="bbox 332 1653 1979 1739; baseline -0.001 -23"><span class='ocrx_word' id='word_1_177' title='bbox 332 1663 516 1736; x_wconf 86' lang='lat' dir='ltr'>repugnent,</span> <span class='ocrx_word' id='word_1_178' title='bbox 536 1660 659 1739; x_wconf 86' lang='lat' dir='ltr'>sintque</span> <span class='ocrx_word' id='word_1_179' title='bbox 683 1658 892 1739; x_wconf 74' lang='lat' dir='ltr'>importabilia</span> <span class='ocrx_word' id='word_1_180' title='bbox 911 1664 1030 1720; x_wconf 74' lang='lat' dir='ltr'>nature:</span> <span class='ocrx_word' id='word_1_181' title='bbox 1044 1658 1102 1718; x_wconf 91' lang='lat' dir='ltr'>sibi</span> <span class='ocrx_word' id='word_1_182' title='bbox 1153 1655 1293 1734; x_wconf 88' lang='lat' dir='ltr'>legimus,</span> <span class='ocrx_word' id='word_1_183' title='bbox 1319 1656 1404 1734; x_wconf 91' lang='lat' dir='ltr'>quod</span> <span class='ocrx_word' id='word_1_184' title='bbox 1418 1656 1456 1716; x_wconf 90' lang='lat' dir='ltr'>ab</span> <span class='ocrx_word' id='word_1_185' title='bbox 1475 1655 1564 1716; x_wconf 88' lang='lat' dir='ltr'>initio</span> <span class='ocrx_word' id='word_1_186' title='bbox 1580 1655 1724 1717; x_wconf 75' lang='lat' dir='ltr'>Ecclesiae</span> <span class='ocrx_word' id='word_1_187' title='bbox 1744 1655 1814 1734; x_wconf 89' lang='lat' dir='ltr'>plus</span> <span class='ocrx_word' id='word_1_188' title='bbox 1830 1654 1909 1716; x_wconf 85' lang='lat' dir='ltr'>luerit</span> <span class='ocrx_word' id='word_1_189' title='bbox 1977 1653 1979 1734; x_wconf 68' lang='lat'><em>]</em></span> 
     </span>
     <span class='ocr_line' id='line_1_15' title="bbox 332 1747 1908 1831; baseline -0.002 -22"><span class='ocrx_word' id='word_1_190' title='bbox 332 1749 456 1827; x_wconf 71' lang='lat' dir='ltr'>relictae,</span> <span class='ocrx_word' id='word_1_191' title='bbox 482 1753 566 1830; x_wconf 90' lang='lat' dir='ltr'>qnod</span> <span class='ocrx_word' id='word_1_192' title='bbox 589 1757 711 1812; x_wconf 87' lang='lat' dir='ltr'>tantum</span> <span class='ocrx_word' id='word_1_193' title='bbox 734 1753 843 1812; x_wconf 88' lang='lat' dir='ltr'>volunt</span> <span class='ocrx_word' id='word_1_194' title='bbox 872 1752 1043 1831; x_wconf 78' lang='lat' dir='ltr'>Scriptura,</span> <span class='ocrx_word' id='word_1_195' title='bbox 1057 1756 1088 1811; x_wconf 90' lang='lat' dir='ltr'>et</span> <span class='ocrx_word' id='word_1_196' title='bbox 1153 1753 1290 1808; x_wconf 84' lang='lat' dir='ltr'>arratum</span> <span class='ocrx_word' id='word_1_197' title='bbox 1306 1767 1361 1827; x_wconf 91' lang='lat' dir='ltr'>per</span> <span class='ocrx_word' id='word_1_198' title='bbox 1377 1749 1591 1826; x_wconf 84' lang='lat' dir='ltr'>adjectionem,</span> <span class='ocrx_word' id='word_1_199' title='bbox 1609 1765 1704 1826; x_wconf 80' lang='lat' dir='ltr'>quam</span> <span class='ocrx_word' id='word_1_200' title='bbox 1719 1747 1908 1826; x_wconf 83' lang='lat' dir='ltr'>persuhtrac-</span> 
     </span>
     <span class='ocr_line' id='line_1_16' title="bbox 336 1839 1909 1924; baseline -0.001 -22"><span class='ocrx_word' id='word_1_201' title='bbox 336 1843 393 1902; x_wconf 88' lang='lat' dir='ltr'>PP.</span> <span class='ocrx_word' id='word_1_202' title='bbox 416 1850 521 1904; x_wconf 87' lang='lat' dir='ltr'>tamen</span> <span class='ocrx_word' id='word_1_203' title='bbox 543 1863 628 1905; x_wconf 91' lang='grc'>6666</span> <span class='ocrx_word' id='word_1_204' title='bbox 653 1863 708 1924; x_wconf 89' lang='lat' dir='ltr'>per</span> <span class='ocrx_word' id='word_1_205' title='bbox 735 1845 907 1904; x_wconf 89' lang='lat' dir='ltr'>ordinarias</span> <span class='ocrx_word' id='word_1_206' title='bbox 926 1845 1021 1904; x_wconf 88' lang='lat' dir='ltr'>etiam</span> <span class='ocrx_word' id='word_1_207' title='bbox 1049 1843 1104 1904; x_wconf 89' lang='lat' dir='ltr'>Ilei</span> <span class='ocrx_word' id='word_1_208' title='bbox 1153 1840 1270 1900; x_wconf 86' lang='lat' dir='ltr'>tionem</span> <span class='ocrx_word' id='word_1_209' title='bbox 1294 1840 1417 1919; x_wconf 89' lang='lat' dir='ltr'>legum:</span> <span class='ocrx_word' id='word_1_210' title='bbox 1443 1859 1517 1902; x_wconf 91' lang='lat' dir='ltr'>nam</span> <span class='ocrx_word' id='word_1_211' title='bbox 1541 1840 1632 1901; x_wconf 92' lang='lat' dir='ltr'>multi</span> <span class='ocrx_word' id='word_1_212' title='bbox 1655 1839 1802 1900; x_wconf 80' lang='lat' dir='ltr'>volebant</span> <span class='ocrx_word' id='word_1_213' title='bbox 1823 1839 1909 1900; x_wconf 87' lang='lat' dir='ltr'>adhuc</span> 
     </span>
     <span class='ocr_line' id='line_1_17' title="bbox 333 1932 1910 2015; baseline -0.003 -20"><span class='ocrx_word' id='word_1_214' title='bbox 333 1934 446 2014; x_wconf 87' lang='lat' dir='ltr'>gratias</span> <span class='ocrx_word' id='word_1_215' title='bbox 462 1937 626 2015; x_wconf 83' lang='lat' dir='ltr'>portabilia</span> <span class='ocrx_word' id='word_1_216' title='bbox 640 1942 721 2011; x_wconf 87' lang='lat' dir='ltr'>sunt,</span> <span class='ocrx_word' id='word_1_217' title='bbox 739 1943 769 1998; x_wconf 92' lang='grc'>61</span> <span class='ocrx_word' id='word_1_218' title='bbox 783 1937 921 1998; x_wconf 88' lang='lat' dir='ltr'>absolute</span> <span class='ocrx_word' id='word_1_219' title='bbox 931 1937 1020 2012; x_wconf 85' lang='lat' dir='ltr'>levia,</span> <span class='ocrx_word' id='word_1_220' title='bbox 1036 1954 1104 1996; x_wconf 88' lang='lat' dir='ltr'>ma·</span> <span class='ocrx_word' id='word_1_221' title='bbox 1154 1933 1334 1994; x_wconf 85' lang='lat' dir='ltr'>servandam</span> <span class='ocrx_word' id='word_1_222' title='bbox 1348 1934 1449 2012; x_wconf 92' lang='lat' dir='ltr'>legem</span> <span class='ocrx_word' id='word_1_223' title='bbox 1463 1933 1636 2008; x_wconf 86' lang='lat' dir='ltr'>Mosaieam,</span> <span class='ocrx_word' id='word_1_224' title='bbox 1659 1932 1711 1992; x_wconf 90' lang='lat' dir='ltr'>alii</span> <span class='ocrx_word' id='word_1_225' title='bbox 1725 1932 1910 2012; x_wconf 84' lang='lat' dir='ltr'>imponebant</span> 
     </span>
     <span class='ocr_line' id='line_1_18' title="bbox 334 2025 1911 2107; baseline -0.001 -20"><span class='ocrx_word' id='word_1_226' title='bbox 334 2027 417 2088; x_wconf 83' lang='lat' dir='ltr'>xime</span> <span class='ocrx_word' id='word_1_227' title='bbox 441 2029 612 2089; x_wconf 86' lang='lat' dir='ltr'>seorrndum</span> <span class='ocrx_word' id='word_1_228' title='bbox 635 2029 712 2089; x_wconf 92' lang='lat' dir='ltr'>illud</span> <span class='ocrx_word' id='word_1_229' title='bbox 735 2031 764 2090; x_wconf 88' lang='lat' dir='ltr'>S.</span> <span class='ocrx_word' id='word_1_230' title='bbox 789 2031 867 2107; x_wconf 82' lang='lat' dir='ltr'>bug.</span> <span class='ocrx_word' id='word_1_231' title='bbox 890 2049 977 2089; x_wconf 86' lang='lat' dir='ltr'>serm.</span> <span class='ocrx_word' id='word_1_232' title='bbox 999 2031 1046 2090; x_wconf 81' lang='grc'>17.</span> <span class='ocrx_word' id='word_1_233' title='bbox 1070 2027 1105 2089; x_wconf 88' lang='lat' dir='ltr'>de</span> <span class='ocrx_word' id='word_1_234' title='bbox 1154 2025 1236 2104; x_wconf 86' lang='grc'>16366</span> <span class='ocrx_word' id='word_1_235' title='bbox 1249 2045 1325 2105; x_wconf 89' lang='lat' dir='ltr'>quas</span> <span class='ocrx_word' id='word_1_236' title='bbox 1338 2045 1396 2088; x_wconf 88' lang='lat' dir='ltr'>neo</span> <span class='ocrx_word' id='word_1_237' title='bbox 1411 2027 1471 2105; x_wconf 90' lang='lat' dir='ltr'>ipsi</span> <span class='ocrx_word' id='word_1_238' title='bbox 1484 2045 1541 2087; x_wconf 90' lang='lat' dir='ltr'>nec</span> <span class='ocrx_word' id='word_1_239' title='bbox 1561 2025 1666 2086; x_wconf 89' lang='lat' dir='ltr'>Patres</span> <span class='ocrx_word' id='word_1_240' title='bbox 1688 2043 1798 2085; x_wconf 90' lang='lat' dir='ltr'>eornm</span> <span class='ocrx_word' id='word_1_241' title='bbox 1813 2026 1911 2104; x_wconf 76' lang='lat' dir='ltr'>potiris</span> 
     </span>
     <span class='ocr_line' id='line_1_19' title="bbox 334 2117 1979 2203; baseline -0.004 -22"><span class='ocrx_word' id='word_1_242' title='bbox 334 2119 460 2182; x_wconf 70' lang='grc'>(11666616</span> <span class='ocrx_word' id='word_1_243' title='bbox 468 2141 536 2202; x_wconf 85' lang='lat' dir='ltr'>cap.</span> <span class='ocrx_word' id='word_1_244' title='bbox 552 2125 582 2183; x_wconf 94' lang='grc'>1.</span> <span class='ocrx_word' id='word_1_245' title='bbox 597 2121 750 2202; x_wconf 78' lang='lat' dir='ltr'>Quidquid</span> <span class='ocrx_word' id='word_1_246' title='bbox 762 2121 869 2182; x_wconf 86' lang='lat' dir='ltr'>duram</span> <span class='ocrx_word' id='word_1_247' title='bbox 879 2130 921 2182; x_wconf 84' lang='lat' dir='ltr'>est</span> <span class='ocrx_word' id='word_1_248' title='bbox 936 2123 964 2181; x_wconf 84' lang='lat' dir='ltr'>rit</span> <span class='ocrx_word' id='word_1_249' title='bbox 976 2138 1106 2203; x_wconf 71' lang='lat' dir='ltr'>praecep</span> <span class='ocrx_word' id='word_1_250' title='bbox 1155 2123 1222 2178; x_wconf 90' lang='lat' dir='ltr'>sent</span> <span class='ocrx_word' id='word_1_251' title='bbox 1233 2118 1323 2194; x_wconf 85' lang='lat' dir='ltr'>terre,</span> <span class='ocrx_word' id='word_1_252' title='bbox 1335 2119 1382 2180; x_wconf 88' lang='lat' dir='ltr'>uti</span> <span class='ocrx_word' id='word_1_253' title='bbox 1390 2117 1593 2179; x_wconf 86' lang='lat' dir='ltr'>habeturAet.</span> <span class='ocrx_word' id='word_1_254' title='bbox 1611 2117 1911 2178; x_wconf 77' lang='lat' dir='ltr'>lboers.lbsiattente</span> <span class='ocrx_word' id='word_1_255' title='bbox 1978 2171 1979 2174; x_wconf 74' lang='grc'>,</span> 
     </span>
     <span class='ocr_line' id='line_1_20' title="bbox 337 2209 1979 2292; baseline 0.002 -21"><span class='ocrx_word' id='word_1_256' title='bbox 337 2211 576 2291; x_wconf 70' lang='grc'>6661611666,</span> <span class='ocrx_word' id='word_1_257' title='bbox 594 2213 726 2275; x_wconf 78' lang='lat' dir='ltr'>ebaritas</span> <span class='ocrx_word' id='word_1_258' title='bbox 746 2213 843 2292; x_wconf 76' lang='lat' dir='ltr'>sarit:</span> <span class='ocrx_word' id='word_1_259' title='bbox 861 2214 885 2274; x_wconf 89' lang='lat' dir='ltr'>si</span> <span class='ocrx_word' id='word_1_260' title='bbox 904 2219 1008 2274; x_wconf 87' lang='lat' dir='ltr'>antem</span> <span class='ocrx_word' id='word_1_261' title='bbox 1028 2219 1106 2275; x_wconf 86' lang='lat' dir='ltr'>esset</span> <span class='ocrx_word' id='word_1_262' title='bbox 1155 2210 1658 2290; x_wconf 85' lang='lat' dir='ltr'>consideremus,inveniemusper</span> <span class='ocrx_word' id='word_1_263' title='bbox 1671 2209 1911 2270; x_wconf 85' lang='lat' dir='ltr'>consuetudinem</span> <span class='ocrx_word' id='word_1_264' title='bbox 1978 2271 1979 2274; x_wconf 74' lang='grc'>,</span> 
     </span>
     <span class='ocr_line' id='line_1_21' title="bbox 336 2295 1979 2386; baseline -0.002 -22"><span class='ocrx_word' id='word_1_265' title='bbox 336 2304 493 2384; x_wconf 78' lang='lat' dir='ltr'>obligatio,</span> <span class='ocrx_word' id='word_1_266' title='bbox 510 2323 605 2384; x_wconf 87' lang='lat' dir='ltr'>quam</span> <span class='ocrx_word' id='word_1_267' title='bbox 626 2306 733 2366; x_wconf 88' lang='lat' dir='ltr'>asserit</span> <span class='ocrx_word' id='word_1_268' title='bbox 747 2306 823 2366; x_wconf 86' lang='lat' dir='ltr'>Eliz.</span> <span class='ocrx_word' id='word_1_269' title='bbox 838 2324 960 2386; x_wconf 90' lang='lat' dir='ltr'>semper</span> <span class='ocrx_word' id='word_1_270' title='bbox 974 2325 1105 2385; x_wconf 89' lang='lat' dir='ltr'>operan-</span> <span class='ocrx_word' id='word_1_271' title='bbox 1156 2304 1255 2364; x_wconf 89' lang='lat' dir='ltr'>multa</span> <span class='ocrx_word' id='word_1_272' title='bbox 1268 2304 1410 2364; x_wconf 80' lang='lat' dir='ltr'>transisse</span> <span class='ocrx_word' id='word_1_273' title='bbox 1425 2304 1459 2363; x_wconf 93' lang='lat' dir='ltr'>in</span> <span class='ocrx_word' id='word_1_274' title='bbox 1478 2304 1572 2382; x_wconf 87' lang='grc'>16366,</span> <span class='ocrx_word' id='word_1_275' title='bbox 1589 2321 1659 2382; x_wconf 81' lang='lat' dir='ltr'>quae</span> <span class='ocrx_word' id='word_1_276' title='bbox 1673 2320 1732 2363; x_wconf 89' lang='lat' dir='ltr'>nec</span> <span class='ocrx_word' id='word_1_277' title='bbox 1747 2303 1848 2374; x_wconf 87' lang='lat' dir='ltr'>aDeo,</span> <span class='ocrx_word' id='word_1_278' title='bbox 1867 2320 1911 2362; x_wconf 89' lang='lat' dir='ltr'>nec</span> <span class='ocrx_word' id='word_1_279' title='bbox 1978 2295 1979 2342; x_wconf 68' lang='grc' dir='ltr'><em>ἕ</em></span> 
     </span>
     <span class='ocr_line' id='line_1_22' title="bbox 337 2393 1979 2476; baseline -0.001 -20"><span class='ocrx_word' id='word_1_280' title='bbox 337 2395 379 2470; x_wconf 88' lang='lat' dir='ltr'>di,</span> <span class='ocrx_word' id='word_1_281' title='bbox 395 2396 445 2456; x_wconf 85' lang='lat' dir='ltr'>vel</span> <span class='ocrx_word' id='word_1_282' title='bbox 456 2397 628 2458; x_wconf 88' lang='lat' dir='ltr'>seeundum</span> <span class='ocrx_word' id='word_1_283' title='bbox 638 2399 797 2474; x_wconf 88' lang='lat' dir='ltr'>tutiorem,</span> <span class='ocrx_word' id='word_1_284' title='bbox 809 2397 840 2458; x_wconf 89' lang='lat' dir='ltr'>id</span> <span class='ocrx_word' id='word_1_285' title='bbox 853 2398 932 2459; x_wconf 87' lang='lat' dir='ltr'>foret</span> <span class='ocrx_word' id='word_1_286' title='bbox 945 2400 1107 2461; x_wconf 89' lang='lat' dir='ltr'>onusinto-</span> <span class='ocrx_word' id='word_1_287' title='bbox 1156 2395 1195 2456; x_wconf 87' lang='lat' dir='ltr'>ab</span> <span class='ocrx_word' id='word_1_288' title='bbox 1209 2397 1342 2458; x_wconf 81' lang='lat' dir='ltr'>Ecclesia</span> <span class='ocrx_word' id='word_1_289' title='bbox 1362 2402 1513 2476; x_wconf 84' lang='lat' dir='ltr'>praeoepta</span> <span class='ocrx_word' id='word_1_290' title='bbox 1533 2401 1631 2464; x_wconf 88' lang='grc'>66661,</span> <span class='ocrx_word' id='word_1_291' title='bbox 1653 2395 1701 2455; x_wconf 90' lang='grc'>611</span> <span class='ocrx_word' id='word_1_292' title='bbox 1720 2393 1913 2455; x_wconf 85' lang='lat' dir='ltr'>communiter</span> <span class='ocrx_word' id='word_1_293' title='bbox 1978 2465 1979 2468; x_wconf 27' lang='lat'>,</span> 
     </span>
     <span class='ocr_line' id='line_1_23' title="bbox 336 2487 1911 2571; baseline -0.001 -23"><span class='ocrx_word' id='word_1_294' title='bbox 336 2487 472 2560; x_wconf 87' lang='lat' dir='ltr'>lerabile,</span> <span class='ocrx_word' id='word_1_295' title='bbox 489 2489 535 2550; x_wconf 89' lang='lat' dir='ltr'>uti</span> <span class='ocrx_word' id='word_1_296' title='bbox 552 2496 633 2550; x_wconf 89' lang='lat' dir='ltr'>reete</span> <span class='ocrx_word' id='word_1_297' title='bbox 644 2491 750 2551; x_wconf 88' lang='lat' dir='ltr'>Terill.</span> <span class='ocrx_word' id='word_1_298' title='bbox 767 2509 797 2569; x_wconf 89' lang='lat' dir='ltr'>q.</span> <span class='ocrx_word' id='word_1_299' title='bbox 815 2493 844 2551; x_wconf 81' lang='grc'>9.</span> <span class='ocrx_word' id='word_1_300' title='bbox 860 2509 892 2550; x_wconf 92' lang='grc'>6.</span> <span class='ocrx_word' id='word_1_301' title='bbox 904 2493 953 2550; x_wconf 76' lang='lat'>52.</span> <span class='ocrx_word' id='word_1_302' title='bbox 967 2497 997 2552; x_wconf 90' lang='grc'>61</span> <span class='ocrx_word' id='word_1_303' title='bbox 1009 2493 1107 2571; x_wconf 90' lang='lat' dir='ltr'>magis</span> <span class='ocrx_word' id='word_1_304' title='bbox 1156 2488 1283 2549; x_wconf 86' lang='lat' dir='ltr'>docetur</span> <span class='ocrx_word' id='word_1_305' title='bbox 1304 2490 1343 2550; x_wconf 88' lang='lat' dir='ltr'>de</span> <span class='ocrx_word' id='word_1_306' title='bbox 1369 2489 1475 2550; x_wconf 90' lang='lat' dir='ltr'>multis</span> <span class='ocrx_word' id='word_1_307' title='bbox 1502 2488 1706 2564; x_wconf 86' lang='lat' dir='ltr'>abstinentiis,</span> <span class='ocrx_word' id='word_1_308' title='bbox 1727 2492 1759 2547; x_wconf 90' lang='lat' dir='ltr'>et</span> <span class='ocrx_word' id='word_1_309' title='bbox 1777 2487 1911 2566; x_wconf 72' lang='lat' dir='ltr'>iejuniis:</span> 
     </span>
     <span class='ocr_line' id='line_1_24' title="bbox 337 2579 1979 2662; baseline -0.001 -20"><span class='ocrx_word' id='word_1_310' title='bbox 337 2581 540 2643; x_wconf 89' lang='lat' dir='ltr'>declarabitur</span> <span class='ocrx_word' id='word_1_311' title='bbox 553 2583 593 2642; x_wconf 90' lang='lat' dir='ltr'>ab</span> <span class='ocrx_word' id='word_1_312' title='bbox 608 2583 683 2643; x_wconf 93' lang='lat' dir='ltr'>dub.</span> <span class='ocrx_word' id='word_1_313' title='bbox 695 2602 758 2662; x_wconf 88' lang='lat' dir='ltr'>seq.</span> <span class='ocrx_word' id='word_1_314' title='bbox 1156 2581 1249 2660; x_wconf 92' lang='lat' dir='ltr'>primi</span> <span class='ocrx_word' id='word_1_315' title='bbox 1263 2583 1356 2642; x_wconf 90' lang='lat' dir='ltr'>etiam</span> <span class='ocrx_word' id='word_1_316' title='bbox 1376 2582 1512 2642; x_wconf 79' lang='lat' dir='ltr'>haretici</span> <span class='ocrx_word' id='word_1_317' title='bbox 1527 2599 1582 2660; x_wconf 89' lang='lat' dir='ltr'>per</span> <span class='ocrx_word' id='word_1_318' title='bbox 1595 2579 1828 2659; x_wconf 88' lang='lat' dir='ltr'>improbitatem</span> <span class='ocrx_word' id='word_1_319' title='bbox 1840 2597 1914 2640; x_wconf 87' lang='lat' dir='ltr'>suan</span> <span class='ocrx_word' id='word_1_320' title='bbox 1978 2595 1979 2598; x_wconf 72' lang='grc'>’</span> 
     </span>
    </p>

    <p class='ocr_par' dir='ltr' id='par_1_3' title="bbox 253 2661 1979 4444">
     <span class='ocr_line' id='line_1_25' title="bbox 253 2661 1979 2754; baseline -0.005 -14"><span class='ocrx_word' id='word_1_321' title='bbox 253 2681 313 2742; x_wconf 84' lang='grc'>296</span> <span class='ocrx_word' id='word_1_322' title='bbox 377 2673 464 2753; x_wconf 68' lang='lat' dir='ltr'>aaa.</span> <span class='ocrx_word' id='word_1_323' title='bbox 485 2676 514 2734; x_wconf 82' lang='lat'>2.</span> <span class='ocrx_word' id='word_1_324' title='bbox 542 2676 611 2735; x_wconf 92' lang='lat' dir='ltr'>Non</span> <span class='ocrx_word' id='word_1_325' title='bbox 639 2680 756 2754; x_wconf 88' lang='lat' dir='ltr'>spectat</span> <span class='ocrx_word' id='word_1_326' title='bbox 769 2675 808 2735; x_wconf 91' lang='lat' dir='ltr'>ad</span> <span class='ocrx_word' id='word_1_327' title='bbox 829 2675 971 2735; x_wconf 89' lang='lat' dir='ltr'>homines</span> <span class='ocrx_word' id='word_1_328' title='bbox 987 2675 1105 2754; x_wconf 89' lang='lat' dir='ltr'>tollere,</span> <span class='ocrx_word' id='word_1_329' title='bbox 1157 2676 1363 2736; x_wconf 82' lang='lat' dir='ltr'>communiter</span> <span class='ocrx_word' id='word_1_330' title='bbox 1373 2674 1507 2735; x_wconf 91' lang='lat' dir='ltr'>nimium</span> <span class='ocrx_word' id='word_1_331' title='bbox 1516 2672 1747 2752; x_wconf 83' lang='lat' dir='ltr'>restringebant</span> <span class='ocrx_word' id='word_1_332' title='bbox 1756 2673 1913 2733; x_wconf 88' lang='lat' dir='ltr'>lihertatem</span> <span class='ocrx_word' id='word_1_333' title='bbox 1978 2661 1979 2750; x_wconf 65' lang='grc'>1</span> 
     </span>
     <span class='ocr_line' id='line_1_26' title="bbox 337 2764 1979 2846; baseline -0.001 -21"><span class='ocrx_word' id='word_1_334' title='bbox 337 2767 387 2826; x_wconf 87' lang='lat' dir='ltr'>vcl</span> <span class='ocrx_word' id='word_1_335' title='bbox 398 2784 454 2845; x_wconf 92' lang='lat' dir='ltr'>per</span> <span class='ocrx_word' id='word_1_336' title='bbox 474 2768 669 2846; x_wconf 89' lang='lat' dir='ltr'>opinationes</span> <span class='ocrx_word' id='word_1_337' title='bbox 688 2787 759 2829; x_wconf 86' lang='grc'>6666</span> <span class='ocrx_word' id='word_1_338' title='bbox 777 2768 905 2828; x_wconf 89' lang='lat' dir='ltr'>reddere</span> <span class='ocrx_word' id='word_1_339' title='bbox 925 2767 1040 2829; x_wconf 86' lang='lat' dir='ltr'>leviora</span> <span class='ocrx_word' id='word_1_340' title='bbox 1054 2770 1107 2830; x_wconf 86' lang='lat' dir='ltr'>Dei</span> <span class='ocrx_word' id='word_1_341' title='bbox 1157 2766 1298 2845; x_wconf 87' lang='lat' dir='ltr'>quamvis</span> <span class='ocrx_word' id='word_1_342' title='bbox 1324 2767 1509 2846; x_wconf 89' lang='lat' dir='ltr'>posteriores</span> <span class='ocrx_word' id='word_1_343' title='bbox 1537 2764 1671 2826; x_wconf 93' lang='lat' dir='ltr'>nimium</span> <span class='ocrx_word' id='word_1_344' title='bbox 1700 2765 1836 2824; x_wconf 78' lang='lat' dir='ltr'>luxerint</span> <span class='ocrx_word' id='word_1_345' title='bbox 1848 2785 1855 2824; x_wconf 92' lang='lat'>:</span> <span class='ocrx_word' id='word_1_346' title='bbox 1869 2783 1915 2824; x_wconf 90' lang='lat' dir='ltr'>nos</span> <span class='ocrx_word' id='word_1_347' title='bbox 1978 2783 1979 2840; x_wconf 65' lang='lat'>3</span> 
     </span>
     <span class='ocr_line' id='line_1_27' title="bbox 337 2857 1914 2938; baseline -0.002 -20"><span class='ocrx_word' id='word_1_348' title='bbox 337 2864 499 2938; x_wconf 86' lang='lat' dir='ltr'>praecepta,</span> <span class='ocrx_word' id='word_1_349' title='bbox 516 2865 571 2919; x_wconf 89' lang='grc'>661</span> <span class='ocrx_word' id='word_1_350' title='bbox 593 2859 676 2934; x_wconf 80' lang='lat' dir='ltr'>leges</span> <span class='ocrx_word' id='word_1_351' title='bbox 691 2865 822 2920; x_wconf 87' lang='lat' dir='ltr'>aeternas</span> <span class='ocrx_word' id='word_1_352' title='bbox 836 2860 1011 2921; x_wconf 88' lang='lat' dir='ltr'>immutare.</span> <span class='ocrx_word' id='word_1_353' title='bbox 1027 2860 1107 2922; x_wconf 85' lang='lat' dir='ltr'>Coa·</span> <span class='ocrx_word' id='word_1_354' title='bbox 1156 2863 1300 2919; x_wconf 89' lang='lat' dir='ltr'>tenemus</span> <span class='ocrx_word' id='word_1_355' title='bbox 1312 2859 1461 2934; x_wconf 82' lang='lat' dir='ltr'>medium,</span> <span class='ocrx_word' id='word_1_356' title='bbox 1481 2865 1512 2919; x_wconf 91' lang='lat' dir='ltr'>et</span> <span class='ocrx_word' id='word_1_357' title='bbox 1525 2877 1565 2918; x_wconf 91' lang='lat' dir='ltr'>nc</span> <span class='ocrx_word' id='word_1_358' title='bbox 1588 2858 1621 2918; x_wconf 92' lang='lat' dir='ltr'>in</span> <span class='ocrx_word' id='word_1_359' title='bbox 1644 2859 1835 2918; x_wconf 90' lang='lat' dir='ltr'>immensum</span> <span class='ocrx_word' id='word_1_360' title='bbox 1847 2857 1914 2917; x_wconf 90' lang='lat' dir='ltr'>ultra</span> 
     </span>
     <span class='ocr_line' id='line_1_28' title="bbox 337 2939 1979 3036; baseline 0 -28"><span class='ocrx_word' id='word_1_361' title='bbox 337 2957 387 3010; x_wconf 89' lang='lat' dir='ltr'>tra</span> <span class='ocrx_word' id='word_1_362' title='bbox 401 2955 456 3023; x_wconf 89' lang='grc'>661,</span> <span class='ocrx_word' id='word_1_363' title='bbox 478 2951 619 3028; x_wconf 86' lang='lat' dir='ltr'>quamvis</span> <span class='ocrx_word' id='word_1_364' title='bbox 639 2952 678 3011; x_wconf 91' lang='lat' dir='ltr'>ad</span> <span class='ocrx_word' id='word_1_365' title='bbox 699 2971 757 3012; x_wconf 92' lang='lat' dir='ltr'>nos</span> <span class='ocrx_word' id='word_1_366' title='bbox 779 2971 843 3012; x_wconf 91' lang='lat' dir='ltr'>non</span> <span class='ocrx_word' id='word_1_367' title='bbox 867 2958 984 3030; x_wconf 86' lang='lat' dir='ltr'>spectat</span> <span class='ocrx_word' id='word_1_368' title='bbox 1007 2952 1108 3031; x_wconf 89' lang='lat' dir='ltr'>legem</span> <span class='ocrx_word' id='word_1_369' title='bbox 1157 2950 1297 3012; x_wconf 89' lang='lat' dir='ltr'>debitum</span> <span class='ocrx_word' id='word_1_370' title='bbox 1321 2957 1498 3012; x_wconf 85' lang='lat' dir='ltr'>excrescant</span> <span class='ocrx_word' id='word_1_371' title='bbox 1534 2951 1628 3029; x_wconf 90' lang='lat' dir='ltr'>leges,</span> <span class='ocrx_word' id='word_1_372' title='bbox 1659 2950 1698 3010; x_wconf 89' lang='lat' dir='ltr'>de</span> <span class='ocrx_word' id='word_1_373' title='bbox 1726 2949 1839 3028; x_wconf 76' lang='lat' dir='ltr'>‹prillus</span> <span class='ocrx_word' id='word_1_374' title='bbox 1863 2966 1915 3008; x_wconf 88' lang='lat' dir='ltr'>non</span> <span class='ocrx_word' id='word_1_375' title='bbox 1947 2939 1979 3036; x_wconf 71' lang='lat'>]</span> 
     </span>
     <span class='ocr_line' id='line_1_29' title="bbox 337 3041 1979 3134; baseline -0.001 -33"><span class='ocrx_word' id='word_1_376' title='bbox 337 3041 422 3102; x_wconf 87' lang='lat' dir='ltr'>illam</span> <span class='ocrx_word' id='word_1_377' title='bbox 437 3042 494 3103; x_wconf 87' lang='lat' dir='ltr'>Dei</span> <span class='ocrx_word' id='word_1_378' title='bbox 508 3049 635 3120; x_wconf 89' lang='lat' dir='ltr'>certam,</span> <span class='ocrx_word' id='word_1_379' title='bbox 651 3050 682 3104; x_wconf 89' lang='lat' dir='ltr'>at</span> <span class='ocrx_word' id='word_1_380' title='bbox 696 3063 751 3124; x_wconf 89' lang='lat' dir='ltr'>por</span> <span class='ocrx_word' id='word_1_381' title='bbox 766 3063 798 3104; x_wconf 89' lang='lat' dir='ltr'>so</span> <span class='ocrx_word' id='word_1_382' title='bbox 813 3044 905 3104; x_wconf 87' lang='lat' dir='ltr'>talam</span> <span class='ocrx_word' id='word_1_383' title='bbox 919 3044 1039 3119; x_wconf 89' lang='lat' dir='ltr'>tollere,</span> <span class='ocrx_word' id='word_1_384' title='bbox 1054 3051 1109 3106; x_wconf 89' lang='lat' dir='ltr'>aut</span> <span class='ocrx_word' id='word_1_385' title='bbox 1158 3043 1231 3102; x_wconf 89' lang='lat' dir='ltr'>satis</span> <span class='ocrx_word' id='word_1_386' title='bbox 1250 3049 1380 3121; x_wconf 89' lang='lat' dir='ltr'>constat,</span> <span class='ocrx_word' id='word_1_387' title='bbox 1406 3044 1537 3105; x_wconf 88' lang='lat' dir='ltr'>dicimus</span> <span class='ocrx_word' id='word_1_388' title='bbox 1555 3047 1663 3103; x_wconf 87' lang='lat' dir='ltr'>contra</span> <span class='ocrx_word' id='word_1_389' title='bbox 1690 3042 1747 3103; x_wconf 87' lang='lat' dir='ltr'>has</span> <span class='ocrx_word' id='word_1_390' title='bbox 1776 3042 1916 3122; x_wconf 86' lang='lat' dir='ltr'>possidere</span> <span class='ocrx_word' id='word_1_391' title='bbox 1977 3043 1979 3134; x_wconf 88' lang='grc'>1</span> 
     </span>
     <span class='ocr_line' id='line_1_30' title="bbox 336 3133 1979 3216; baseline -0.001 -22"><span class='ocrx_word' id='word_1_392' title='bbox 336 3153 392 3214; x_wconf 88' lang='lat' dir='ltr'>per</span> <span class='ocrx_word' id='word_1_393' title='bbox 419 3135 611 3214; x_wconf 81' lang='lat' dir='ltr'>opinationes</span> <span class='ocrx_word' id='word_1_394' title='bbox 641 3142 765 3197; x_wconf 87' lang='lat' dir='ltr'>nostras</span> <span class='ocrx_word' id='word_1_395' title='bbox 792 3136 939 3197; x_wconf 85' lang='lat' dir='ltr'>leviorem</span> <span class='ocrx_word' id='word_1_396' title='bbox 967 3138 1106 3215; x_wconf 90' lang='lat' dir='ltr'>reddere,</span> <span class='ocrx_word' id='word_1_397' title='bbox 1158 3133 1916 3215; x_wconf 71' lang='grc'>111)66161666;6116666116166136116166666661166</span> <span class='ocrx_word' id='word_1_398' title='bbox 1978 3141 1979 3216; x_wconf 66' lang='grc'>1</span> 
     </span>
     <span class='ocr_line' id='line_1_31' title="bbox 336 3223 1979 3309; baseline -0.001 -21"><span class='ocrx_word' id='word_1_399' title='bbox 336 3233 442 3288; x_wconf 85' lang='lat' dir='ltr'>tamen</span> <span class='ocrx_word' id='word_1_400' title='bbox 456 3229 578 3307; x_wconf 88' lang='lat' dir='ltr'>quando</span> <span class='ocrx_word' id='word_1_401' title='bbox 589 3229 719 3304; x_wconf 90' lang='lat' dir='ltr'>dubium</span> <span class='ocrx_word' id='word_1_402' title='bbox 734 3234 789 3306; x_wconf 90' lang='grc'>661,</span> <span class='ocrx_word' id='word_1_403' title='bbox 807 3229 907 3290; x_wconf 78' lang='grc'>66166</span> <span class='ocrx_word' id='word_1_404' title='bbox 920 3228 974 3290; x_wconf 89' lang='lat' dir='ltr'>Dei</span> <span class='ocrx_word' id='word_1_405' title='bbox 987 3231 1106 3307; x_wconf 85' lang='lat' dir='ltr'>existat,</span> <span class='ocrx_word' id='word_1_406' title='bbox 1159 3247 1223 3290; x_wconf 89' lang='lat' dir='ltr'>esse</span> <span class='ocrx_word' id='word_1_407' title='bbox 1237 3235 1374 3291; x_wconf 90' lang='lat' dir='ltr'>mentem</span> <span class='ocrx_word' id='word_1_408' title='bbox 1394 3231 1451 3290; x_wconf 86' lang='lat' dir='ltr'>SS.</span> <span class='ocrx_word' id='word_1_409' title='bbox 1476 3249 1511 3290; x_wconf 91' lang='lat' dir='ltr'>ac</span> <span class='ocrx_word' id='word_1_410' title='bbox 1531 3229 1833 3309; x_wconf 86' lang='lat' dir='ltr'>sapientissimorum</span> <span class='ocrx_word' id='word_1_411' title='bbox 1846 3227 1916 3287; x_wconf 80' lang='grc'>6166</span> <span class='ocrx_word' id='word_1_412' title='bbox 1978 3223 1979 3306; x_wconf 60' lang='lat' dir='ltr'>i</span> 
     </span>
     <span class='ocr_line' id='line_1_32' title="bbox 337 3317 1979 3401; baseline 0.001 -21"><span class='ocrx_word' id='word_1_413' title='bbox 337 3320 376 3380; x_wconf 91' lang='lat' dir='ltr'>ad</span> <span class='ocrx_word' id='word_1_414' title='bbox 396 3337 454 3380; x_wconf 91' lang='lat' dir='ltr'>nos</span> <span class='ocrx_word' id='word_1_415' title='bbox 472 3327 589 3399; x_wconf 85' lang='lat' dir='ltr'>spectat</span> <span class='ocrx_word' id='word_1_416' title='bbox 600 3323 767 3400; x_wconf 88' lang='lat' dir='ltr'>prudentor</span> <span class='ocrx_word' id='word_1_417' title='bbox 784 3322 905 3401; x_wconf 90' lang='lat' dir='ltr'>opinari</span> <span class='ocrx_word' id='word_1_418' title='bbox 917 3322 998 3382; x_wconf 83' lang='lat' dir='ltr'>cirea</span> <span class='ocrx_word' id='word_1_419' title='bbox 1011 3323 1106 3398; x_wconf 91' lang='lat' dir='ltr'>illam,</span> <span class='ocrx_word' id='word_1_420' title='bbox 1159 3341 1241 3396; x_wconf 89' lang='lat' dir='ltr'>rum,</span> <span class='ocrx_word' id='word_1_421' title='bbox 1257 3323 1447 3383; x_wconf 87' lang='lat' dir='ltr'>ostendimus</span> <span class='ocrx_word' id='word_1_422' title='bbox 1462 3323 1529 3382; x_wconf 89' lang='grc'>1666</span> <span class='ocrx_word' id='word_1_423' title='bbox 1543 3327 1651 3382; x_wconf 87' lang='lat' dir='ltr'>notato</span> <span class='ocrx_word' id='word_1_424' title='bbox 1666 3323 1705 3383; x_wconf 90' lang='lat' dir='ltr'>de</span> <span class='ocrx_word' id='word_1_425' title='bbox 1720 3317 1916 3382; x_wconf 60' lang='lat' dir='ltr'>Paenitentia.</span> <span class='ocrx_word' id='word_1_426' title='bbox 1978 3369 1979 3400; x_wconf 46' lang='lat'>3</span> 
     </span>
     <span class='ocr_line' id='line_1_33' title="bbox 337 3410 1979 3494; baseline 0 -22"><span class='ocrx_word' id='word_1_427' title='bbox 337 3417 368 3472; x_wconf 92' lang='grc'>61</span> <span class='ocrx_word' id='word_1_428' title='bbox 380 3412 484 3474; x_wconf 85' lang='lat' dir='ltr'>tollore</span> <span class='ocrx_word' id='word_1_429' title='bbox 496 3413 608 3490; x_wconf 87' lang='lat' dir='ltr'>legem,</span> <span class='ocrx_word' id='word_1_430' title='bbox 620 3433 690 3492; x_wconf 81' lang='lat' dir='ltr'>qnae</span> <span class='ocrx_word' id='word_1_431' title='bbox 705 3415 783 3474; x_wconf 81' lang='lat' dir='ltr'>sorte</span> <span class='ocrx_word' id='word_1_432' title='bbox 797 3433 881 3474; x_wconf 90' lang='lat' dir='ltr'>nunc</span> <span class='ocrx_word' id='word_1_433' title='bbox 890 3433 944 3493; x_wconf 90' lang='lat' dir='ltr'>per</span> <span class='ocrx_word' id='word_1_434' title='bbox 957 3415 1106 3493; x_wconf 77' lang='lat' dir='ltr'>antidana,</span> <span class='ocrx_word' id='word_1_435' title='bbox 1198 3413 1209 3450; x_wconf 69' lang='lat' dir='ltr'>l</span> <span class='ocrx_word' id='word_1_436' title='bbox 1228 3412 1369 3474; x_wconf 85' lang='lat' dir='ltr'>Videatur</span> <span class='ocrx_word' id='word_1_437' title='bbox 1386 3413 1448 3474; x_wconf 82' lang='grc'>166</span> <span class='ocrx_word' id='word_1_438' title='bbox 1458 3413 1613 3494; x_wconf 79' lang='lat' dir='ltr'>poradoaa</span> <span class='ocrx_word' id='word_1_439' title='bbox 1637 3413 1792 3483; x_wconf 73' lang='lat' dir='ltr'>Caecinae,</span> <span class='ocrx_word' id='word_1_440' title='bbox 1817 3421 1844 3474; x_wconf 88' lang='grc'>61</span> <span class='ocrx_word' id='word_1_441' title='bbox 1856 3410 1918 3492; x_wconf 69' lang='lat' dir='ltr'>saie</span> <span class='ocrx_word' id='word_1_442' title='bbox 1977 3433 1979 3480; x_wconf 65' lang='grc'>1</span> 
     </span>
     <span class='ocr_line' id='line_1_34' title="bbox 337 3504 1917 3586; baseline -0.002 -21"><span class='ocrx_word' id='word_1_443' title='bbox 337 3511 368 3565; x_wconf 90' lang='grc'>61</span> <span class='ocrx_word' id='word_1_444' title='bbox 381 3505 421 3565; x_wconf 92' lang='lat' dir='ltr'>ob</span> <span class='ocrx_word' id='word_1_445' title='bbox 436 3524 573 3566; x_wconf 90' lang='lat' dir='ltr'>errorem</span> <span class='ocrx_word' id='word_1_446' title='bbox 589 3506 715 3585; x_wconf 74' lang='lat' dir='ltr'>obligat,</span> <span class='ocrx_word' id='word_1_447' title='bbox 727 3507 775 3566; x_wconf 87' lang='lat' dir='ltr'>vel</span> <span class='ocrx_word' id='word_1_448' title='bbox 785 3508 940 3567; x_wconf 90' lang='lat' dir='ltr'>minorem</span> <span class='ocrx_word' id='word_1_449' title='bbox 950 3507 1016 3585; x_wconf 86' lang='lat' dir='ltr'>ejus</span> <span class='ocrx_word' id='word_1_450' title='bbox 1030 3508 1109 3568; x_wconf 89' lang='lat' dir='ltr'>obli·</span> <span class='ocrx_word' id='word_1_451' title='bbox 1158 3513 1304 3566; x_wconf 83' lang='lat' dir='ltr'>auctorem</span> <span class='ocrx_word' id='word_1_452' title='bbox 1327 3505 1403 3566; x_wconf 83' lang='lat' dir='ltr'>ridet</span> <span class='ocrx_word' id='word_1_453' title='bbox 1426 3508 1460 3568; x_wconf 89' lang='lat' dir='ltr'>T.</span> <span class='ocrx_word' id='word_1_454' title='bbox 1485 3509 1514 3566; x_wconf 77' lang='grc'>1.</span> <span class='ocrx_word' id='word_1_455' title='bbox 1541 3525 1647 3585; x_wconf 91' lang='lat' dir='ltr'>appar.</span> <span class='ocrx_word' id='word_1_456' title='bbox 1671 3526 1703 3586; x_wconf 91' lang='lat' dir='ltr'>p.</span> <span class='ocrx_word' id='word_1_457' title='bbox 1725 3509 1798 3568; x_wconf 88' lang='grc'>611.</span> <span class='ocrx_word' id='word_1_458' title='bbox 1828 3504 1917 3566; x_wconf 82' lang='lat' dir='ltr'>Veram</span> 
     </span>
     <span class='ocr_line' id='line_1_35' title="bbox 337 3595 1979 3680; baseline -0.001 -23"><span class='ocrx_word' id='word_1_459' title='bbox 337 3599 496 3673; x_wconf 83' lang='lat' dir='ltr'>gationem</span> <span class='ocrx_word' id='word_1_460' title='bbox 506 3617 543 3659; x_wconf 83' lang='lat' dir='ltr'>ex</span> <span class='ocrx_word' id='word_1_461' title='bbox 558 3599 702 3678; x_wconf 83' lang='lat' dir='ltr'>g1·avibus</span> <span class='ocrx_word' id='word_1_462' title='bbox 713 3599 922 3660; x_wconf 87' lang='lat' dir='ltr'>fundamentis</span> <span class='ocrx_word' id='word_1_463' title='bbox 935 3600 1106 3674; x_wconf 89' lang='lat' dir='ltr'>declarare,</span> <span class='ocrx_word' id='word_1_464' title='bbox 1159 3599 1304 3680; x_wconf 79' lang='lat' dir='ltr'>ejaspaee</span> <span class='ocrx_word' id='word_1_465' title='bbox 1319 3597 1511 3675; x_wconf 75' lang='grc'>6166666,</span> <span class='ocrx_word' id='word_1_466' title='bbox 1528 3597 1676 3660; x_wconf 81' lang='grc'>61111166</span> <span class='ocrx_word' id='word_1_467' title='bbox 1690 3598 1825 3660; x_wconf 82' lang='lat' dir='ltr'>doctrina</span> <span class='ocrx_word' id='word_1_468' title='bbox 1834 3595 1918 3658; x_wconf 84' lang='lat' dir='ltr'>marri·</span> <span class='ocrx_word' id='word_1_469' title='bbox 1977 3609 1979 3664; x_wconf 75' lang='lat' dir='ltr'><strong>j</strong></span> 
     </span>
     <span class='ocr_line' id='line_1_36' title="bbox 339 3665 1979 3772; baseline -0.001 -22"><span class='ocrx_word' id='word_1_470' title='bbox 339 3690 482 3752; x_wconf 85' lang='grc'>61166616</span> <span class='ocrx_word' id='word_1_471' title='bbox 499 3691 602 3752; x_wconf 89' lang='lat' dir='ltr'>Terill.</span> <span class='ocrx_word' id='word_1_472' title='bbox 621 3709 686 3751; x_wconf 91' lang='lat' dir='ltr'>an.</span> <span class='ocrx_word' id='word_1_473' title='bbox 703 3693 750 3753; x_wconf 83' lang='lat'>58.</span> <span class='ocrx_word' id='word_1_474' title='bbox 767 3692 908 3751; x_wconf 88' lang='lat' dir='ltr'>siceuim</span> <span class='ocrx_word' id='word_1_475' title='bbox 930 3691 1105 3754; x_wconf 74' lang='grc'>11611113.</span> <span class='ocrx_word' id='word_1_476' title='bbox 1158 3691 1280 3772; x_wconf 80' lang='grc'>[661166;</span> <span class='ocrx_word' id='word_1_477' title='bbox 1305 3711 1362 3752; x_wconf 86' lang='grc'>666</span> <span class='ocrx_word' id='word_1_478' title='bbox 1376 3692 1453 3751; x_wconf 84' lang='lat' dir='ltr'>enirn</span> <span class='ocrx_word' id='word_1_479' title='bbox 1471 3699 1558 3772; x_wconf 81' lang='lat' dir='ltr'>nepot</span> <span class='ocrx_word' id='word_1_480' title='bbox 1571 3699 1676 3753; x_wconf 87' lang='grc'>666166</span> <span class='ocrx_word' id='word_1_481' title='bbox 1699 3691 1862 3754; x_wconf 83' lang='lat' dir='ltr'>sauciatam</span> <span class='ocrx_word' id='word_1_482' title='bbox 1875 3708 1918 3748; x_wconf 84' lang='lat' dir='ltr'>aa·</span> <span class='ocrx_word' id='word_1_483' title='bbox 1976 3665 1979 3730; x_wconf 68' lang='lat' dir='ltr'>i</span> 
     </span>
     <span class='ocr_line' id='line_1_37' title="bbox 339 3782 1979 3864; baseline -0.002 -21"><span class='ocrx_word' id='word_1_484' title='bbox 339 3800 366 3843; x_wconf 90' lang='lat' dir='ltr'>o.</span> <span class='ocrx_word' id='word_1_485' title='bbox 383 3785 412 3843; x_wconf 90' lang='grc'>1.</span> <span class='ocrx_word' id='word_1_486' title='bbox 429 3789 600 3862; x_wconf 88' lang='lat' dir='ltr'>carpuntur</span> <span class='ocrx_word' id='word_1_487' title='bbox 615 3783 739 3859; x_wconf 73' lang='lat' dir='ltr'>Scribas,</span> <span class='ocrx_word' id='word_1_488' title='bbox 760 3789 790 3844; x_wconf 89' lang='grc'>61</span> <span class='ocrx_word' id='word_1_489' title='bbox 806 3783 1110 3863; x_wconf 81' lang='lat' dir='ltr'>Pharisaei,quiobli·</span> <span class='ocrx_word' id='word_1_490' title='bbox 1161 3791 1260 3844; x_wconf 86' lang='lat' dir='ltr'>taram</span> <span class='ocrx_word' id='word_1_491' title='bbox 1280 3783 1380 3864; x_wconf 82' lang='lat' dir='ltr'>potita</span> <span class='ocrx_word' id='word_1_492' title='bbox 1399 3783 1439 3846; x_wconf 86' lang='lat' dir='ltr'>od</span> <span class='ocrx_word' id='word_1_493' title='bbox 1461 3784 1587 3858; x_wconf 81' lang='lat' dir='ltr'>malurn,</span> <span class='ocrx_word' id='word_1_494' title='bbox 1617 3783 1830 3864; x_wconf 78' lang='lat' dir='ltr'>lenitatemque</span> <span class='ocrx_word' id='word_1_495' title='bbox 1849 3782 1881 3844; x_wconf 83' lang='lat' dir='ltr'>de</span> <span class='ocrx_word' id='word_1_496' title='bbox 1896 3798 1919 3840; x_wconf 78' lang='lat' dir='ltr'>se</span> <span class='ocrx_word' id='word_1_497' title='bbox 1977 3787 1979 3864; x_wconf 41' lang='lat' dir='ltr'><em>g</em></span> 
     </span>
     <span class='ocr_line' id='line_1_38' title="bbox 338 3871 1979 3958; baseline 0.001 -24"><span class='ocrx_word' id='word_1_498' title='bbox 338 3875 477 3953; x_wconf 85' lang='lat' dir='ltr'>gationes</span> <span class='ocrx_word' id='word_1_499' title='bbox 499 3875 611 3935; x_wconf 89' lang='lat' dir='ltr'>nimias</span> <span class='ocrx_word' id='word_1_500' title='bbox 629 3874 734 3954; x_wconf 86' lang='lat' dir='ltr'>legum</span> <span class='ocrx_word' id='word_1_501' title='bbox 748 3875 951 3955; x_wconf 89' lang='lat' dir='ltr'>imponebant</span> <span class='ocrx_word' id='word_1_502' title='bbox 968 3877 1083 3955; x_wconf 91' lang='lat' dir='ltr'>populo</span> <span class='ocrx_word' id='word_1_503' title='bbox 1101 3897 1107 3938; x_wconf 94' lang='lat'>:</span> <span class='ocrx_word' id='word_1_504' title='bbox 1158 3875 1355 3957; x_wconf 81' lang='lat' dir='ltr'>propendere,</span> <span class='ocrx_word' id='word_1_505' title='bbox 1382 3895 1471 3956; x_wconf 82' lang='lat' dir='ltr'>qaam</span> <span class='ocrx_word' id='word_1_506' title='bbox 1485 3875 1525 3938; x_wconf 79' lang='grc'>661</span> <span class='ocrx_word' id='word_1_507' title='bbox 1538 3877 1643 3937; x_wconf 86' lang='lat' dir='ltr'>bonum</span> <span class='ocrx_word' id='word_1_508' title='bbox 1661 3895 1697 3938; x_wconf 90' lang='grc'>66</span> <span class='ocrx_word' id='word_1_509' title='bbox 1717 3876 1866 3958; x_wconf 71' lang='lat' dir='ltr'>rigorem:</span> <span class='ocrx_word' id='word_1_510' title='bbox 1878 3872 1919 3932; x_wconf 83' lang='lat' dir='ltr'>boa</span> <span class='ocrx_word' id='word_1_511' title='bbox 1977 3871 1979 3936; x_wconf 68' lang='grc' dir='ltr'>ἶ</span> 
     </span>
     <span class='ocr_line' id='line_1_39' title="bbox 340 3967 1979 4050; baseline -0.001 -24"><span class='ocrx_word' id='word_1_512' title='bbox 340 3968 423 4027; x_wconf 91' lang='lat' dir='ltr'>unde</span> <span class='ocrx_word' id='word_1_513' title='bbox 438 3967 878 4044; x_wconf 77' lang='lat' dir='ltr'>sicutiDeusDeuter,2.aers.</span> <span class='ocrx_word' id='word_1_514' title='bbox 895 3969 1110 4037; x_wconf 72' lang='grc'>1161161161</span> <span class='ocrx_word' id='word_1_515' title='bbox 1161 3969 1214 4044; x_wconf 86' lang='lat' dir='ltr'>ait,</span> <span class='ocrx_word' id='word_1_516' title='bbox 1239 3971 1411 4048; x_wconf 82' lang='lat' dir='ltr'>permittere</span> <span class='ocrx_word' id='word_1_517' title='bbox 1431 3968 1525 4028; x_wconf 87' lang='lat' dir='ltr'>Deam</span> <span class='ocrx_word' id='word_1_518' title='bbox 1550 3968 1582 4028; x_wconf 83' lang='lat' dir='ltr'>ia</span> <span class='ocrx_word' id='word_1_519' title='bbox 1601 3985 1722 4049; x_wconf 83' lang='lat' dir='ltr'>poeaam</span> <span class='ocrx_word' id='word_1_520' title='bbox 1741 3967 1920 4050; x_wconf 80' lang='lat' dir='ltr'>peceati,at</span> <span class='ocrx_word' id='word_1_521' title='bbox 1977 3981 1979 4040; x_wconf 70' lang='lat'>3</span> 
     </span>
     <span class='ocr_line' id='line_1_40' title="bbox 339 4058 1979 4140; baseline -0.002 -20"><span class='ocrx_word' id='word_1_522' title='bbox 339 4059 671 4121; x_wconf 87' lang='lat' dir='ltr'>auferendumaverbo</span> <span class='ocrx_word' id='word_1_523' title='bbox 682 4079 750 4132; x_wconf 90' lang='lat' dir='ltr'>suo,</span> <span class='ocrx_word' id='word_1_524' title='bbox 762 4061 804 4121; x_wconf 88' lang='lat' dir='ltr'>ita</span> <span class='ocrx_word' id='word_1_525' title='bbox 814 4061 890 4121; x_wconf 86' lang='lat' dir='ltr'>dixit</span> <span class='ocrx_word' id='word_1_526' title='bbox 899 4061 978 4122; x_wconf 91' lang='lat' dir='ltr'>nibil</span> <span class='ocrx_word' id='word_1_527' title='bbox 987 4061 1107 4122; x_wconf 88' lang='lat' dir='ltr'>adden·</span> <span class='ocrx_word' id='word_1_528' title='bbox 1162 4060 1226 4140; x_wconf 84' lang='lat' dir='ltr'>ipsa</span> <span class='ocrx_word' id='word_1_529' title='bbox 1237 4059 1296 4120; x_wconf 84' lang='lat' dir='ltr'>sibi</span> <span class='ocrx_word' id='word_1_530' title='bbox 1316 4067 1424 4120; x_wconf 87' lang='grc'>661666</span> <span class='ocrx_word' id='word_1_531' title='bbox 1444 4060 1663 4121; x_wconf 86' lang='lat' dir='ltr'>invincibiliter</span> <span class='ocrx_word' id='word_1_532' title='bbox 1676 4060 1781 4140; x_wconf 83' lang='lat' dir='ltr'>plnres</span> <span class='ocrx_word' id='word_1_533' title='bbox 1794 4060 1863 4140; x_wconf 77' lang='grc'>16366</span> <span class='ocrx_word' id='word_1_534' title='bbox 1879 4058 1921 4118; x_wconf 87' lang='lat' dir='ltr'>ira-</span> <span class='ocrx_word' id='word_1_535' title='bbox 1978 4063 1979 4134; x_wconf 68' lang='lat' dir='ltr'>j</span> 
     </span>
     <span class='ocr_line' id='line_1_41' title="bbox 339 4145 1979 4233; baseline -0.002 -21"><span class='ocrx_word' id='word_1_536' title='bbox 339 4152 728 4227; x_wconf 81' lang='lat' dir='ltr'>dum3adduntautemsine</span> <span class='ocrx_word' id='word_1_537' title='bbox 737 4152 1110 4214; x_wconf 86' lang='lat' dir='ltr'>sufficientefundamento</span> <span class='ocrx_word' id='word_1_538' title='bbox 1156 4160 1261 4233; x_wconf 84' lang='lat' dir='ltr'>portat,</span> <span class='ocrx_word' id='word_1_539' title='bbox 1276 4171 1365 4232; x_wconf 83' lang='lat' dir='ltr'>quarn</span> <span class='ocrx_word' id='word_1_540' title='bbox 1378 4153 1484 4233; x_wconf 79' lang='lat' dir='ltr'>reipsa</span> <span class='ocrx_word' id='word_1_541' title='bbox 1496 4153 1572 4226; x_wconf 85' lang='lat' dir='ltr'>siut,</span> <span class='ocrx_word' id='word_1_542' title='bbox 1589 4161 1622 4212; x_wconf 90' lang='grc'>61</span> <span class='ocrx_word' id='word_1_543' title='bbox 1634 4153 1676 4212; x_wconf 87' lang='lat' dir='ltr'>ita</span> <span class='ocrx_word' id='word_1_544' title='bbox 1690 4172 1776 4214; x_wconf 82' lang='lat' dir='ltr'>snam</span> <span class='ocrx_word' id='word_1_545' title='bbox 1793 4153 1920 4233; x_wconf 72' lang='grc'>11666661</span> <span class='ocrx_word' id='word_1_546' title='bbox 1978 4145 1979 4226; x_wconf 83' lang='lat' dir='ltr'>j</span> 
     </span>
     <span class='ocr_line' id='line_1_42' title="bbox 339 4243 1979 4326; baseline 0.001 -22"><span class='ocrx_word' id='word_1_547' title='bbox 339 4244 523 4320; x_wconf 80' lang='lat' dir='ltr'>adversarii,</span> <span class='ocrx_word' id='word_1_548' title='bbox 546 4245 728 4305; x_wconf 89' lang='lat' dir='ltr'>inducentes</span> <span class='ocrx_word' id='word_1_549' title='bbox 759 4245 859 4320; x_wconf 79' lang='lat' dir='ltr'>legem</span> <span class='ocrx_word' id='word_1_550' title='bbox 877 4246 968 4306; x_wconf 88' lang='lat' dir='ltr'>istam</span> <span class='ocrx_word' id='word_1_551' title='bbox 987 4247 1111 4307; x_wconf 87' lang='lat' dir='ltr'>durissi·</span> <span class='ocrx_word' id='word_1_552' title='bbox 1161 4253 1315 4326; x_wconf 77' lang='lat' dir='ltr'>appronat:</span> <span class='ocrx_word' id='word_1_553' title='bbox 1331 4263 1398 4326; x_wconf 81' lang='lat' dir='ltr'>pate</span> <span class='ocrx_word' id='word_1_554' title='bbox 1410 4243 1467 4305; x_wconf 83' lang='lat' dir='ltr'>dao</span> <span class='ocrx_word' id='word_1_555' title='bbox 1478 4248 1608 4306; x_wconf 82' lang='lat' dir='ltr'>manime</span> <span class='ocrx_word' id='word_1_556' title='bbox 1621 4243 1826 4307; x_wconf 85' lang='lat' dir='ltr'>diuersosaat.</span> <span class='ocrx_word' id='word_1_557' title='bbox 1978 4321 1979 4326; x_wconf 12' lang='grc'>1</span> 
     </span>
     <span class='ocr_line' id='line_1_43' title="bbox 339 4335 1979 4444; baseline -0.002 -48"><span class='ocrx_word' id='word_1_558' title='bbox 339 4353 423 4396; x_wconf 88' lang='lat' dir='ltr'>mam</span> <span class='ocrx_word' id='word_1_559' title='bbox 436 4355 557 4416; x_wconf 90' lang='lat' dir='ltr'>semper</span> <span class='ocrx_word' id='word_1_560' title='bbox 576 4336 722 4415; x_wconf 86' lang='lat' dir='ltr'>sequendi</span> <span class='ocrx_word' id='word_1_561' title='bbox 738 4337 944 4416; x_wconf 88' lang='lat' dir='ltr'>probabiliora</span> <span class='ocrx_word' id='word_1_562' title='bbox 956 4348 982 4398; x_wconf 75' lang='grc'>1.</span> <span class='ocrx_word' id='word_1_563' title='bbox 1200 4337 1226 4415; x_wconf 83' lang='lat'>§.</span> <span class='ocrx_word' id='word_1_564' title='bbox 1242 4339 1290 4398; x_wconf 74' lang='grc'>11.</span> <span class='ocrx_word' id='word_1_565' title='bbox 1305 4339 1483 4398; x_wconf 83' lang='lat' dir='ltr'>Secrmdum</span> <span class='ocrx_word' id='word_1_566' title='bbox 1492 4338 1695 4412; x_wconf 77' lang='lat' dir='ltr'>adversarios,</span> <span class='ocrx_word' id='word_1_567' title='bbox 1704 4338 1757 4399; x_wconf 90' lang='lat' dir='ltr'>ille</span> <span class='ocrx_word' id='word_1_568' title='bbox 1766 4338 1921 4418; x_wconf 88' lang='lat' dir='ltr'>prudenter</span> <span class='ocrx_word' id='word_1_569' title='bbox 1937 4335 1979 4444; x_wconf 66' lang='grc'>6611</span> 
     </span>
    </p>

    <p class='ocr_par' dir='ltr' id='par_1_4' title="bbox 341 4428 1979 5250">
     <span class='ocr_line' id='line_1_44' title="bbox 380 4428 1979 4512; baseline 0.001 -25"><span class='ocrx_word' id='word_1_570' title='bbox 380 4437 393 4463; x_wconf 74' lang='lat'><em>⁰</em></span> <span class='ocrx_word' id='word_1_571' title='bbox 407 4429 608 4507; x_wconf 78' lang='lat' dir='ltr'>Quapropter,</span> <span class='ocrx_word' id='word_1_572' title='bbox 626 4428 719 4508; x_wconf 74' lang='lat' dir='ltr'>infert</span> <span class='ocrx_word' id='word_1_573' title='bbox 728 4429 846 4489; x_wconf 80' lang='lat' dir='ltr'>(temore</span> <span class='ocrx_word' id='word_1_574' title='bbox 857 4428 986 4491; x_wconf 76' lang='lat' dir='ltr'>Carecina</span> <span class='ocrx_word' id='word_1_575' title='bbox 991 4448 1026 4510; x_wconf 89' lang='lat' dir='ltr'>p.</span> <span class='ocrx_word' id='word_1_576' title='bbox 1039 4433 1109 4492; x_wconf 85' lang='grc'>613.</span> <span class='ocrx_word' id='word_1_577' title='bbox 1161 4436 1322 4509; x_wconf 90' lang='lat' dir='ltr'>operatur,</span> <span class='ocrx_word' id='word_1_578' title='bbox 1338 4433 1392 4511; x_wconf 85' lang='lat' dir='ltr'>qui</span> <span class='ocrx_word' id='word_1_579' title='bbox 1406 4437 1551 4510; x_wconf 90' lang='lat' dir='ltr'>operatur</span> <span class='ocrx_word' id='word_1_580' title='bbox 1565 4433 1738 4492; x_wconf 87' lang='lat' dir='ltr'>secundnm</span> <span class='ocrx_word' id='word_1_581' title='bbox 1755 4432 1921 4512; x_wconf 89' lang='lat' dir='ltr'>opinionem</span> <span class='ocrx_word' id='word_1_582' title='bbox 1978 4447 1979 4458; x_wconf 58' lang='lat'>¹</span> 
     </span>
     <span class='ocr_line' id='line_1_45' title="bbox 341 4520 1979 4603; baseline 0.001 -23"><span class='ocrx_word' id='word_1_583' title='bbox 341 4520 510 4581; x_wconf 89' lang='lat' dir='ltr'>deleature</span> <span class='ocrx_word' id='word_1_584' title='bbox 534 4522 626 4581; x_wconf 87' lang='lat' dir='ltr'>Sacra</span> <span class='ocrx_word' id='word_1_585' title='bbox 649 4521 806 4600; x_wconf 81' lang='lat' dir='ltr'>Scriptura</span> <span class='ocrx_word' id='word_1_586' title='bbox 819 4521 871 4582; x_wconf 84' lang='lat' dir='ltr'>lex</span> <span class='ocrx_word' id='word_1_587' title='bbox 884 4522 989 4582; x_wconf 85' lang='lat' dir='ltr'>divina</span> <span class='ocrx_word' id='word_1_588' title='bbox 1002 4523 1111 4602; x_wconf 82' lang='lat' dir='ltr'>praeci·</span> <span class='ocrx_word' id='word_1_589' title='bbox 1162 4522 1423 4602; x_wconf 86' lang='lat' dir='ltr'>probabiliorem,</span> <span class='ocrx_word' id='word_1_590' title='bbox 1451 4523 1502 4584; x_wconf 90' lang='lat' dir='ltr'>sed</span> <span class='ocrx_word' id='word_1_591' title='bbox 1522 4525 1627 4602; x_wconf 88' lang='lat' dir='ltr'>opinio</span> <span class='ocrx_word' id='word_1_592' title='bbox 1651 4524 1802 4603; x_wconf 80' lang='lat' dir='ltr'>benigna,</span> <span class='ocrx_word' id='word_1_593' title='bbox 1832 4524 1922 4582; x_wconf 78' lang='lat' dir='ltr'>dicens</span> <span class='ocrx_word' id='word_1_594' title='bbox 1978 4585 1979 4594; x_wconf 51' lang='grc'>,</span> 
     </span>
     <span class='ocr_line' id='line_1_46' title="bbox 342 4613 1979 4696; baseline 0.002 -24"><span class='ocrx_word' id='word_1_595' title='bbox 342 4613 440 4692; x_wconf 86' lang='lat' dir='ltr'>piens,</span> <span class='ocrx_word' id='word_1_596' title='bbox 456 4613 659 4674; x_wconf 85' lang='lat' dir='ltr'>consulendos</span> <span class='ocrx_word' id='word_1_597' title='bbox 683 4613 802 4691; x_wconf 86' lang='lat' dir='ltr'>judices</span> <span class='ocrx_word' id='word_1_598' title='bbox 822 4613 855 4673; x_wconf 92' lang='lat' dir='ltr'>in</span> <span class='ocrx_word' id='word_1_599' title='bbox 870 4616 1109 4676; x_wconf 75' lang='lat' dir='ltr'>controversiis:</span> <span class='ocrx_word' id='word_1_600' title='bbox 1162 4615 1281 4676; x_wconf 87' lang='lat' dir='ltr'>licitum</span> <span class='ocrx_word' id='word_1_601' title='bbox 1300 4635 1364 4676; x_wconf 89' lang='lat' dir='ltr'>esso</span> <span class='ocrx_word' id='word_1_602' title='bbox 1384 4617 1504 4696; x_wconf 89' lang='lat' dir='ltr'>operari</span> <span class='ocrx_word' id='word_1_603' title='bbox 1531 4618 1703 4677; x_wconf 87' lang='lat' dir='ltr'>secundum</span> <span class='ocrx_word' id='word_1_604' title='bbox 1727 4616 1920 4695; x_wconf 85' lang='lat' dir='ltr'>probabilem,</span> <span class='ocrx_word' id='word_1_605' title='bbox 1978 4615 1979 4656; x_wconf 81' lang='grc' dir='ltr'>ἶ</span> 
     </span>
     <span class='ocr_line' id='line_1_47' title="bbox 342 4704 1979 4789; baseline -0.001 -23"><span class='ocrx_word' id='word_1_606' title='bbox 342 4705 380 4766; x_wconf 90' lang='lat' dir='ltr'>de</span> <span class='ocrx_word' id='word_1_607' title='bbox 399 4705 500 4765; x_wconf 91' lang='lat' dir='ltr'>medio</span> <span class='ocrx_word' id='word_1_608' title='bbox 519 4704 669 4765; x_wconf 85' lang='lat' dir='ltr'>tollantur</span> <span class='ocrx_word' id='word_1_609' title='bbox 684 4705 1016 4784; x_wconf 82' lang='lat' dir='ltr'>Tribunaliaqnaeque.</span> <span class='ocrx_word' id='word_1_610' title='bbox 1035 4706 1114 4781; x_wconf 81' lang='lat' dir='ltr'>Ouid</span> <span class='ocrx_word' id='word_1_611' title='bbox 1163 4713 1209 4767; x_wconf 88' lang='lat' dir='ltr'>est</span> <span class='ocrx_word' id='word_1_612' title='bbox 1228 4709 1329 4787; x_wconf 88' lang='lat' dir='ltr'>reipsa</span> <span class='ocrx_word' id='word_1_613' title='bbox 1348 4709 1564 4788; x_wconf 90' lang='lat' dir='ltr'>probabilior:</span> <span class='ocrx_word' id='word_1_614' title='bbox 1596 4727 1670 4789; x_wconf 89' lang='lat' dir='ltr'>ergo</span> <span class='ocrx_word' id='word_1_615' title='bbox 1689 4709 1744 4787; x_wconf 89' lang='lat' dir='ltr'>qui</span> <span class='ocrx_word' id='word_1_616' title='bbox 1764 4708 1921 4770; x_wconf 87' lang='lat' dir='ltr'>secundun</span> <span class='ocrx_word' id='word_1_617' title='bbox 1978 4709 1979 4714; x_wconf 76' lang='grc'>’</span> 
     </span>
     <span class='ocr_line' id='line_1_48' title="bbox 342 4795 1922 4881; baseline 0 -25"><span class='ocrx_word' id='word_1_618' title='bbox 342 4796 405 4858; x_wconf 82' lang='lat' dir='ltr'>baec</span> <span class='ocrx_word' id='word_1_619' title='bbox 418 4796 458 4857; x_wconf 87' lang='lat' dir='ltr'>ad</span> <span class='ocrx_word' id='word_1_620' title='bbox 470 4795 556 4857; x_wconf 80' lang='lat' dir='ltr'>rem?</span> <span class='ocrx_word' id='word_1_621' title='bbox 576 4797 707 4876; x_wconf 81' lang='lat' dir='ltr'>Apiraas,</span> <span class='ocrx_word' id='word_1_622' title='bbox 723 4798 767 4857; x_wconf 82' lang='lat' dir='ltr'>ari</span> <span class='ocrx_word' id='word_1_623' title='bbox 784 4797 863 4870; x_wconf 84' lang='lat' dir='ltr'>boae,</span> <span class='ocrx_word' id='word_1_624' title='bbox 889 4795 923 4858; x_wconf 84' lang='lat' dir='ltr'>de</span> <span class='ocrx_word' id='word_1_625' title='bbox 950 4798 1112 4878; x_wconf 72' lang='grc'>16166666-</span> <span class='ocrx_word' id='word_1_626' title='bbox 1163 4799 1248 4859; x_wconf 87' lang='lat' dir='ltr'>illam</span> <span class='ocrx_word' id='word_1_627' title='bbox 1271 4807 1438 4879; x_wconf 87' lang='lat' dir='ltr'>operatur,</span> <span class='ocrx_word' id='word_1_628' title='bbox 1473 4801 1644 4880; x_wconf 89' lang='lat' dir='ltr'>prudenter</span> <span class='ocrx_word' id='word_1_629' title='bbox 1668 4807 1834 4881; x_wconf 89' lang='lat' dir='ltr'>operatur:</span> <span class='ocrx_word' id='word_1_630' title='bbox 1862 4799 1922 4860; x_wconf 84' lang='lat' dir='ltr'>lrinc</span> 
     </span>
     <span class='ocr_line' id='line_1_49' title="bbox 342 4887 1923 4974; baseline 0.001 -26"><span class='ocrx_word' id='word_1_631' title='bbox 342 4887 458 4964; x_wconf 80' lang='lat' dir='ltr'>dentice,</span> <span class='ocrx_word' id='word_1_632' title='bbox 474 4889 504 4948; x_wconf 84' lang='lat' dir='ltr'>ia</span> <span class='ocrx_word' id='word_1_633' title='bbox 518 4907 574 4969; x_wconf 82' lang='lat' dir='ltr'>pao</span> <span class='ocrx_word' id='word_1_634' title='bbox 588 4887 627 4948; x_wconf 85' lang='lat' dir='ltr'>ad</span> <span class='ocrx_word' id='word_1_635' title='bbox 640 4887 674 4948; x_wconf 86' lang='lat' dir='ltr'>id</span> <span class='ocrx_word' id='word_1_636' title='bbox 681 4909 771 4949; x_wconf 77' lang='grc'>66616</span> <span class='ocrx_word' id='word_1_637' title='bbox 785 4889 958 4969; x_wconf 76' lang='grc'>6111666666,</span> <span class='ocrx_word' id='word_1_638' title='bbox 975 4889 1015 4950; x_wconf 86' lang='lat' dir='ltr'>ad</span> <span class='ocrx_word' id='word_1_639' title='bbox 1032 4909 1115 4971; x_wconf 82' lang='lat' dir='ltr'>qaa-</span> <span class='ocrx_word' id='word_1_640' title='bbox 1163 4892 1254 4972; x_wconf 81' lang='lat' dir='ltr'>bloya</span> <span class='ocrx_word' id='word_1_641' title='bbox 1281 4893 1315 4952; x_wconf 83' lang='lat' dir='ltr'>de</span> <span class='ocrx_word' id='word_1_642' title='bbox 1343 4912 1390 4974; x_wconf 90' lang='lat' dir='ltr'>op.</span> <span class='ocrx_word' id='word_1_643' title='bbox 1408 4893 1492 4973; x_wconf 83' lang='lat' dir='ltr'>prob.</span> <span class='ocrx_word' id='word_1_644' title='bbox 1516 4913 1547 4974; x_wconf 86' lang='lat' dir='ltr'>q.</span> <span class='ocrx_word' id='word_1_645' title='bbox 1568 4895 1598 4954; x_wconf 87' lang='grc'>6.</span> <span class='ocrx_word' id='word_1_646' title='bbox 1615 4913 1645 4954; x_wconf 86' lang='lat' dir='ltr'>a.</span> <span class='ocrx_word' id='word_1_647' title='bbox 1673 4896 1720 4953; x_wconf 92' lang='lat' dir='ltr'>ll.</span> <span class='ocrx_word' id='word_1_648' title='bbox 1747 4889 1923 4953; x_wconf 78' lang='grc'>6161666116·</span> 
     </span>
     <span class='ocr_line' id='line_1_50' title="bbox 344 4978 1923 5066; baseline 0.001 -26"><span class='ocrx_word' id='word_1_649' title='bbox 344 4979 465 5042; x_wconf 84' lang='lat' dir='ltr'>rendam</span> <span class='ocrx_word' id='word_1_650' title='bbox 479 4999 578 5060; x_wconf 81' lang='lat' dir='ltr'>nempe</span> <span class='ocrx_word' id='word_1_651' title='bbox 592 4978 730 5040; x_wconf 84' lang='lat' dir='ltr'>indubiis</span> <span class='ocrx_word' id='word_1_652' title='bbox 743 5001 761 5040; x_wconf 92' lang='lat' dir='ltr'>o</span> <span class='ocrx_word' id='word_1_653' title='bbox 776 4981 884 5062; x_wconf 71' lang='lat' dir='ltr'>peritis</span> <span class='ocrx_word' id='word_1_654' title='bbox 899 4981 982 5056; x_wconf 82' lang='grc'>61616,</span> <span class='ocrx_word' id='word_1_655' title='bbox 998 4985 1113 5045; x_wconf 81' lang='lat' dir='ltr'>abiura—</span> <span class='ocrx_word' id='word_1_656' title='bbox 1164 4984 1284 5060; x_wconf 90' lang='lat' dir='ltr'>subdit,</span> <span class='ocrx_word' id='word_1_657' title='bbox 1299 4984 1389 5046; x_wconf 83' lang='lat' dir='ltr'>Hane</span> <span class='ocrx_word' id='word_1_658' title='bbox 1402 5005 1452 5066; x_wconf 77' lang='lat' dir='ltr'>epo</span> <span class='ocrx_word' id='word_1_659' title='bbox 1467 4984 1640 5066; x_wconf 87' lang='lat' dir='ltr'>arnplector,</span> <span class='ocrx_word' id='word_1_660' title='bbox 1664 4989 1736 5066; x_wconf 77' lang='lat' dir='ltr'>prtia</span> <span class='ocrx_word' id='word_1_661' title='bbox 1759 4981 1923 5065; x_wconf 73' lang='lat' dir='ltr'>probabilia</span> 
     </span>
     <span class='ocr_line' id='line_1_51' title="bbox 344 5071 1922 5159; baseline -0.002 -25"><span class='ocrx_word' id='word_1_662' title='bbox 344 5091 465 5154; x_wconf 84' lang='lat' dir='ltr'>remque</span> <span class='ocrx_word' id='word_1_663' title='bbox 472 5071 637 5154; x_wconf 82' lang='lat' dir='ltr'>judicibus,</span> <span class='ocrx_word' id='word_1_664' title='bbox 661 5071 737 5152; x_wconf 84' lang='lat' dir='ltr'>qaid</span> <span class='ocrx_word' id='word_1_665' title='bbox 746 5073 881 5153; x_wconf 84' lang='lat' dir='ltr'>practice</span> <span class='ocrx_word' id='word_1_666' title='bbox 897 5072 1047 5154; x_wconf 80' lang='lat' dir='ltr'>probabile</span> <span class='ocrx_word' id='word_1_667' title='bbox 1063 5075 1113 5135; x_wconf 85' lang='lat' dir='ltr'>sit.</span> <span class='ocrx_word' id='word_1_668' title='bbox 1165 5094 1225 5136; x_wconf 86' lang='lat' dir='ltr'>rem.</span> <span class='ocrx_word' id='word_1_669' title='bbox 1233 5075 1353 5157; x_wconf 83' lang='lat' dir='ltr'>judico,</span> <span class='ocrx_word' id='word_1_670' title='bbox 1378 5077 1456 5158; x_wconf 83' lang='lat' dir='ltr'>qood</span> <span class='ocrx_word' id='word_1_671' title='bbox 1466 5075 1608 5159; x_wconf 84' lang='lat' dir='ltr'>proinde,</span> <span class='ocrx_word' id='word_1_672' title='bbox 1624 5077 1845 5158; x_wconf 66' lang='lat' dir='ltr'>patiebamini,</span> <span class='ocrx_word' id='word_1_673' title='bbox 1869 5079 1922 5134; x_wconf 86' lang='lat' dir='ltr'>tuta</span> 
     </span>
     <span class='ocr_line' id='line_1_52' title="bbox 346 5163 1921 5250; baseline 0 -24"><span class='ocrx_word' id='word_1_674' title='bbox 346 5166 472 5226; x_wconf 80' lang='lat' dir='ltr'>Hecatae</span> <span class='ocrx_word' id='word_1_675' title='bbox 484 5173 525 5226; x_wconf 90' lang='lat' dir='ltr'>est</span> <span class='ocrx_word' id='word_1_676' title='bbox 538 5163 573 5225; x_wconf 85' lang='lat' dir='ltr'>de</span> <span class='ocrx_word' id='word_1_677' title='bbox 584 5163 677 5224; x_wconf 85' lang='lat' dir='ltr'>medio</span> <span class='ocrx_word' id='word_1_678' title='bbox 688 5164 789 5226; x_wconf 84' lang='lat' dir='ltr'>tollere</span> <span class='ocrx_word' id='word_1_679' title='bbox 806 5163 1003 5226; x_wconf 79' lang='lat' dir='ltr'>Tribaaab&#39;a?</span> <span class='ocrx_word' id='word_1_680' title='bbox 1165 5169 1349 5246; x_wconf 81' lang='lat' dir='ltr'>corneieatr&#39;a,</span> <span class='ocrx_word' id='word_1_681' title='bbox 1355 5169 1449 5250; x_wconf 77' lang='lat' dir='ltr'>juata</span> <span class='ocrx_word' id='word_1_682' title='bbox 1458 5187 1635 5231; x_wconf 76' lang='lat' dir='ltr'>ruminarem</span> <span class='ocrx_word' id='word_1_683' title='bbox 1652 5168 1856 5249; x_wconf 77' lang='lat' dir='ltr'>Tbeoloporam</span> <span class='ocrx_word' id='word_1_684' title='bbox 1869 5183 1921 5226; x_wconf 82' lang='grc'>666·</span> 
     </span>
    </p>

    <p class='ocr_par' dir='ltr' id='par_1_5' title="bbox 262 5255 1979 5621">
     <span class='ocr_line' id='line_1_53' title="bbox 262 5255 1979 5344; baseline 0.001 -26"><span class='ocrx_word' id='word_1_685' title='bbox 262 5276 321 5337; x_wconf 70' lang='grc'>697</span> <span class='ocrx_word' id='word_1_686' title='bbox 387 5257 474 5338; x_wconf 84' lang='lat' dir='ltr'>Ilaap.</span> <span class='ocrx_word' id='word_1_687' title='bbox 493 5259 520 5318; x_wconf 90' lang='lat'>3.</span> <span class='ocrx_word' id='word_1_688' title='bbox 545 5257 691 5318; x_wconf 87' lang='lat' dir='ltr'>Homines</span> <span class='ocrx_word' id='word_1_689' title='bbox 705 5257 744 5317; x_wconf 93' lang='lat' dir='ltr'>ob</span> <span class='ocrx_word' id='word_1_690' title='bbox 759 5258 1011 5336; x_wconf 86' lang='lat' dir='ltr'>depravationem</span> <span class='ocrx_word' id='word_1_691' title='bbox 1024 5265 1115 5320; x_wconf 90' lang='lat' dir='ltr'>natu·</span> <span class='ocrx_word' id='word_1_692' title='bbox 1166 5261 1305 5338; x_wconf 79' lang='lat' dir='ltr'>tentiam,</span> <span class='ocrx_word' id='word_1_693' title='bbox 1320 5263 1643 5344; x_wconf 81' lang='lat' dir='ltr'>arapleeb&#39;potueraat,</span> <span class='ocrx_word' id='word_1_694' title='bbox 1658 5270 1717 5323; x_wconf 88' lang='lat' dir='ltr'>eta</span> <span class='ocrx_word' id='word_1_695' title='bbox 1729 5255 1921 5343; x_wconf 71' lang='grc' dir='ltr'>666661166νὲ-</span> <span class='ocrx_word' id='word_1_696' title='bbox 1978 5305 1979 5336; x_wconf 79' lang='lat'>,</span> 
     </span>
     <span class='ocr_line' id='line_1_54' title="bbox 347 5350 1979 5440; baseline 0.004 -29"><span class='ocrx_word' id='word_1_697' title='bbox 347 5370 402 5426; x_wconf 71' lang='lat' dir='ltr'>rae,</span> <span class='ocrx_word' id='word_1_698' title='bbox 418 5357 448 5412; x_wconf 89' lang='lat' dir='ltr'>et</span> <span class='ocrx_word' id='word_1_699' title='bbox 461 5350 691 5411; x_wconf 87' lang='lat' dir='ltr'>inclinationem</span> <span class='ocrx_word' id='word_1_700' title='bbox 705 5350 745 5410; x_wconf 89' lang='lat' dir='ltr'>ud</span> <span class='ocrx_word' id='word_1_701' title='bbox 754 5351 884 5424; x_wconf 85' lang='lat' dir='ltr'>melum,</span> <span class='ocrx_word' id='word_1_702' title='bbox 901 5357 936 5410; x_wconf 90' lang='grc'>61</span> <span class='ocrx_word' id='word_1_703' title='bbox 946 5351 1117 5430; x_wconf 89' lang='lat' dir='ltr'>plurimum</span> <span class='ocrx_word' id='word_1_704' title='bbox 1166 5353 1229 5414; x_wconf 86' lang='grc'>6616</span> <span class='ocrx_word' id='word_1_705' title='bbox 1244 5354 1385 5416; x_wconf 82' lang='lat' dir='ltr'>immanes</span> <span class='ocrx_word' id='word_1_706' title='bbox 1398 5363 1494 5416; x_wconf 85' lang='grc'>66661.</span> <span class='ocrx_word' id='word_1_707' title='bbox 1978 5431 1979 5440; x_wconf 24' lang='grc'>1</span> 
     </span>
     <span class='ocr_line' id='line_1_55' title="bbox 348 5443 1979 5529; baseline 0.002 -27"><span class='ocrx_word' id='word_1_708' title='bbox 348 5443 523 5504; x_wconf 90' lang='lat' dir='ltr'>discordare</span> <span class='ocrx_word' id='word_1_709' title='bbox 537 5462 555 5504; x_wconf 88' lang='lat' dir='ltr'>a</span> <span class='ocrx_word' id='word_1_710' title='bbox 568 5447 652 5504; x_wconf 89' lang='lat' dir='ltr'>recta</span> <span class='ocrx_word' id='word_1_711' title='bbox 665 5443 783 5521; x_wconf 87' lang='lat' dir='ltr'>regula,</span> <span class='ocrx_word' id='word_1_712' title='bbox 797 5461 863 5503; x_wconf 87' lang='lat' dir='ltr'>non</span> <span class='ocrx_word' id='word_1_713' title='bbox 874 5462 930 5522; x_wconf 90' lang='lat' dir='ltr'>per</span> <span class='ocrx_word' id='word_1_714' title='bbox 944 5462 1113 5522; x_wconf 82' lang='grc'>66666666,</span> <span class='ocrx_word' id='word_1_715' title='bbox 1205 5447 1292 5528; x_wconf 82' lang='lat' dir='ltr'>Besp.</span> <span class='ocrx_word' id='word_1_716' title='bbox 1310 5449 1332 5508; x_wconf 89' lang='lat' dir='ltr'>l.</span> <span class='ocrx_word' id='word_1_717' title='bbox 1344 5449 1398 5509; x_wconf 88' lang='lat' dir='ltr'>Ille</span> <span class='ocrx_word' id='word_1_718' title='bbox 1411 5450 1582 5529; x_wconf 87' lang='lat' dir='ltr'>prudenter</span> <span class='ocrx_word' id='word_1_719' title='bbox 1597 5453 1755 5528; x_wconf 88' lang='lat' dir='ltr'>operatur,</span> <span class='ocrx_word' id='word_1_720' title='bbox 1766 5448 1817 5528; x_wconf 87' lang='lat' dir='ltr'>qui</span> <span class='ocrx_word' id='word_1_721' title='bbox 1831 5459 1919 5526; x_wconf 70' lang='lat' dir='ltr'>opem</span> <span class='ocrx_word' id='word_1_722' title='bbox 1936 5445 1979 5520; x_wconf 64' lang='grc'>1111</span> 
     </span>
     <span class='ocr_line' id='line_1_56' title="bbox 349 5535 1979 5621; baseline 0.002 -25"><span class='ocrx_word' id='word_1_723' title='bbox 349 5536 401 5597; x_wconf 89' lang='lat' dir='ltr'>sed</span> <span class='ocrx_word' id='word_1_724' title='bbox 416 5535 633 5615; x_wconf 63' lang='lat' dir='ltr'>perdonatum</span> <span class='ocrx_word' id='word_1_725' title='bbox 645 5555 653 5610; x_wconf 90' lang='lat'>;</span> <span class='ocrx_word' id='word_1_726' title='bbox 665 5535 1115 5614; x_wconf 85' lang='lat' dir='ltr'>orgocertumpericulumest,</span> <span class='ocrx_word' id='word_1_727' title='bbox 1165 5544 1217 5598; x_wconf 91' lang='lat' dir='ltr'>tur</span> <span class='ocrx_word' id='word_1_728' title='bbox 1230 5541 1402 5601; x_wconf 87' lang='lat' dir='ltr'>seeundum</span> <span class='ocrx_word' id='word_1_729' title='bbox 1416 5541 1596 5621; x_wconf 88' lang='lat' dir='ltr'>opinionem</span> <span class='ocrx_word' id='word_1_730' title='bbox 1610 5540 1917 5620; x_wconf 72' lang='lat' dir='ltr'>probabiliorempro</span> <span class='ocrx_word' id='word_1_731' title='bbox 1978 5535 1979 5538; x_wconf 64' lang='grc'>’</span> 
     </span>
    </p>
   </div>
   <div class='ocr_carea' id='block_1_3' title="bbox 0 5156 5 5891">
    <p class='ocr_par' dir='ltr' id='par_1_6' title="bbox 0 5156 5 5891">
     <span class='ocr_line' id='line_1_57' title="bbox 0 5156 5 5891; baseline 0 0"><span class='ocrx_word' id='word_1_732' title='bbox 0 5156 5 5891; x_wconf 95' lang='lat' dir='ltr'> </span> 
     </span>
    </p>
   </div>
   <div class='ocr_carea' id='block_1_4' title="bbox 0 0 2013 6340">
    <p class='ocr_par' dir='ltr' id='par_1_7' title="bbox 0 0 2013 6340">
     <span class='ocr_line' id='line_1_58' title="bbox 0 0 2013 6340; baseline 0 0"><span class='ocrx_word' id='word_1_733' title='bbox 0 0 2013 6340; x_wconf 95' lang='lat' dir='ltr'> </span> 
     </span>
    </p>
   </div>
  </div>
 </body>
</html>
