3976 6342
338 396 392 454 llti
944 387 1055 448 LlBElt
1077 379 1310 444 Pnobhotlt's

335 565 415 620 casta
428 559 500 639 igne
512 559 696 628 examinata.
713 558 800 637 cujus
810 555 927 636 judicia
940 572 1022 629 sera,
1034 552 1101 631 jus·
1155 547 1346 628 temporibus
1361 544 1473 625 qnilms
1491 559 1648 604 sacrorum
1661 540 1827 604 antistitum
1841 559 1897 602 auc·
1957 571 1963 588 ·

335 649 449 712 tificata
470 652 503 712 in
520 652 695 731 semetipsa,
715 655 746 712 et
763 649 850 728 cujus
874 648 1025 708 universae
1045 644 1104 704 viae
1153 641 1271 716 toritas,
1287 639 1313 700 si
1325 655 1464 718 unquam
1476 636 1565 710 alias,
1583 636 1622 698 ad
1636 635 1786 696 unitatem
1799 633 1898 694 111111-

336 744 545 806 misericordia
573 750 604 806 et
625 744 746 806 veritas.
772 742 910 822 Denique
932 741 989 801 bac
1011 737 1105 798 etiam
1153 732 1298 813 gritatem
1326 730 1483 792 catholicae
1519 729 1665 790 1111111111
1694 726 1900 789 custodiendam

336 837 494 898 occasione
507 837 706 898 libentissime
720 836 850 912 utimur,
864 839 899 894 nt
916 834 1030 893 iterum
1044 835 1105 898 111-
1154 825 1203 886 rel
1231 825 1365 886 maxime
1390 829 1436 884 est
1458 821 1639 891 neccssaria,
1668 827 1699 882 et
1722 820 1762 881 ab
1780 819 1902 880 omnibus

336 936 439 991 temus
452 936 483 998 ct
496 929 909 1009 confirmemnspraecipuam
925 920 1105 986 Nostramin
1155 922 1330 979 sartatecta
1345 917 1461 977 servari
1478 915 1580 990 debet,
1597 933 1661 976 non
1684 913 1837 994 potuimus
1853 930 1903 972 nou

337 1029 367 1084 te
381 1022 639 1084 benevolentiam.
656 1021 749 1101 Cujus
769 1038 892 1100 quoque
911 1019 1024 1097 pignus
1042 1031 1106 1075 esse
1156 1011 1356 1071 vehementer
1379 1008 1487 1069 mirari
1509 1007 1656 1069 ridendas
1676 1005 1834 1068 memorati
1846 1023 1904 1064 cou-

337 1114 482 1176 volumus
507 1113 712 1194 Apostolicam
732 1113 989 1187 benedictionem,
1014 1124 1108 1188 quam
1157 1109 1268 1164 ventus
1295 1101 1511 1162 invitationem
1530 1099 1650 1180 privato
1664 1099 1790 1160 nomine
1813 1097 1906 1157 factum

339 1204 449 1265 intimo
472 1205 573 1264 cordis
599 1203 709 1264 affectu
737 1203 793 1263 tibi
821 1202 889 1281 ipsi,
917 1195 1109 1260 Venerabilis
1158 1199 1188 1256 et
1202 1195 1441 1275 promulgatam,
1454 1194 1532 1273 quin
1545 1193 1713 1254 ullomodo
1726 1190 1908 1252 intercederet
1983 1145 1988 1262 1

341 1299 458 1372 Frater,
470 1302 500 1357 ct
513 1297 601 1375 gregi
610 1302 671 1356 tuae
682 1315 763 1357 curae
774 1295 937 1356 commisso
948 1309 1110 1372 11111111-
1158 1287 1320 1367 impulsus,
1346 1287 1523 1362 auctoritas,
1546 1291 1577 1347 et
1595 1285 1699 1346 missio
1721 1282 1908 1346 ecclesiastica

339 1395 386 1452 ter
401 1389 608 1469 impertimus.
1159 1380 1327 1460 potestatis,
1355 1379 1394 1439 ad
1421 1395 1516 1458 quam
1539 1377 1666 1458 proprio
1681 1396 1716 1438 ac
1740 1377 1839 1436 nativo
1853 1375 1910 1454 jure

381 1484 492 1543 Datum
500 1482 605 1544 Romae
613 1482 697 1562 apud
707 1483 738 1542 S.
752 1482 876 1542 Petrum
886 1480 936 1542 die
948 1483 956 1539 1
967 1483 979 1539 1
992 1478 1111 1539 decem-
1159 1471 1391 1551 unicepcrtinct
1401 1471 1568 1550 advigilare
1583 1489 1618 1530 ac
1628 1469 1764 1549 dirigere
1779 1467 1910 1546 theologi·

341 1574 603 1636 1111111118ὃὲΙ
1161 1583 1268 1626 carum
1280 1564 1452 1644 praesertim
1466 1581 1573 1624 rerum
1585 1561 1755 1624 doctinam.
1772 1562 1913 1636 Quassus

382 1667 579 1729 Pontificatus
592 1667 693 1728 Nostri
704 1685 788 1728 anuo
802 1665 923 1727 decimo
937 1659 1079 1741 septimo.
1160 1677 1222 1734 res,
1234 1663 1269 1717 ut
1278 1658 1394 1738 optime
1402 1656 1513 1732 noscis,
1525 1654 1654 1718 omnino
1662 1673 1756 1721 nova.
1766 1673 1801 1716 ac
1808 1671 1914 1734 prorsus

811 1767 896 1829 PlUS
919 1767 975 1826 PF.
998 1763 1048 1822 lx.
1161 1749 1306 1811 inusitata
1317 1749 1351 1809 iu
1366 1748 1498 1810 Ecclesia
1511 1753 1566 1810 est.
1590 1747 1689 1826 Atque
1702 1747 1815 1808 idcirco
1830 1745 1913 1806 volui·

1162 1861 1243 1918 mus,
1270 1847 1312 1920 te,
1340 1841 1530 1904 Venerabilis
1558 1841 1674 1918 Frater,
1703 1857 1829 1902 noscere
1850 1839 1915 1900 hauc

699 1955 779 2016 xlx,
1162 1935 1308 1997 Nostram
1327 1935 1420 1996 irrisae
1435 1934 1633 2010 sententiam,
1648 1939 1766 1996 utcum
1778 1939 1848 2009 ate,
1862 1937 1916 1992 111

1163 2027 1202 2087 ab
1216 2027 1282 2088 aliis
1296 2026 1533 2088 Neuerabilibus
1560 2027 1717 2088 Fratribus
1732 2023 1917 2088 sacrorumiu
1983 2085 1988 2112 Ι

663 2101 709 2157 ss·
735 2099 767 2155 Β·
790 2097 823 2158 Ν·
1164 2119 1329 2181 Germania
1351 2119 1545 2182 Antistitibus
1564 2119 1659 2200 probe
1678 2118 1812 2200 judicari
1834 2119 1919 2199 posset
1982 2115 1988 2190 1

472 2248 565 2334 PH
631 2248 662 2333 P
670 2248 706 2332 A
722 2247 754 2332 P
769 2247 818 2331 AE
899 2243 970 2328 μζ
1165 2211 1203 2272 de
1224 2231 1317 2292 scopo
1337 2231 1393 2292 per
1420 2217 1591 2274 conventus
1616 2229 1817 2294 programma
1835 2229 1918 2272 enun-
1982 2195 1988 2288 Ι

935 2295 948 2328 ²
1165 2304 1256 2380 clato,
1267 2305 1293 2366 si
1307 2323 1420 2385 nempe
1433 2306 1502 2366 talis
1514 2312 1603 2374 esset,
1621 2311 1657 2366 11
1674 2323 1784 2368 veram
1798 2303 1920 2366 Ecclesh

346 2403 385 2461 De
403 2406 544 2462 Conventa
560 2404 744 2474 quorumdam
770 2403 918 2458 Doctorum
945 2395 1112 2455 Germanias.
1167 2397 1332 2458 utilitatem
1360 2397 1494 2460 afferret,
1522 2399 1638 2459 Eodem
1664 2404 1772 2460 autem
1798 2403 1921 2477 tempore

1166 2490 1242 2550 certi
1252 2509 1386 2565 eramus,
1401 2497 1443 2568 te,
1458 2491 1651 2552 Venerabilis
1663 2492 1783 2567 Frater,
1799 2509 1854 2570 pro
1865 2507 1920 2569 pes·

1165 2583 1255 2643 torali
1268 2589 1323 2644 tua
1334 2583 1540 2645 sollicitudine
1557 2603 1592 2645 ac
1610 2584 1675 2646 zelo
1690 2584 1799 2646 omnia
1812 2582 1923 2645 consilia

1167 2682 1197 2737 11
1207 2676 1308 2738 stadia
1319 2695 1384 2738 esse
1397 2676 1622 2752 adhibiturum,
1639 2695 1678 2738 ne
1692 2677 1726 2737 in
1742 2677 1850 2738 eodem
1863 2693 1922 2736 ouu-

595 2773 692 2844 PIUS
722 2772 782 2841 PP.
815 2773 871 2842 IX,
1166 2774 1261 2829 ventu
1281 2774 1351 2829 tum
1374 2768 1532 2830 catholicae
1547 2769 1620 2830 fidei
1642 2787 1678 2830 ac
1691 2769 1841 2830 doctrinae
1860 2768 1925 2828 inte

1166 2862 1272 2940 gritaa,
1283 2867 1351 2921 tum
1361 2860 1546 2931 obedientia,
1562 2879 1655 2940 quam
1670 2878 1782 2922 omues
1794 2861 1925 2940 cujuspue

389 2956 581 3020 'Venerabilis
594 2957 711 3032 Frater,
728 2956 900 3016 salutemet
918 2953 1119 3034 apostolicam
1168 2954 1305 3014 classiset
1312 2953 1498 3014 conditionis
1506 2953 1926 3016 catholicilrominesEcclesia

349 3050 608 3112 benedictionem.
624 3050 707 3109 Tuas
719 3048 852 3108 libenter
874 3047 1048 3126 accepimns
1067 3047 1118 3106 lit·
1168 3046 1343 3108 auctoritati
1370 3065 1405 3106 ae
1433 3046 1609 3124 magisterio
1634 3053 1786 3126 praestare
1813 3046 1926 3108 omniuo

350 3153 430 3204 teras
454 3143 502 3203 dic
528 3141 702 3221 'lproxime
730 3138 824 3220 elapsi
851 3140 964 3201 mensis
986 3139 1119 3200 octobris
1168 3137 1765 3200 (11111111111111111111111111111111111
1787 3143 1926 3221 caperent.

351 3239 446 3308 datas,
463 3242 498 3296 ut
510 3235 575 3295 Nos
588 3235 732 3294 certiores
744 3232 858 3294 laceres
868 3232 905 3293 de
918 3235 1072 3293 conventu
1086 3231 1120 3291 iu
1210 3233 1252 3292 111
1266 3231 1458 3293 dissimulare
1472 3249 1536 3290 non
1551 3249 1726 3310 possumus,
1745 3251 1811 3294 non
1822 3231 1929 3294 levibus

388 2541 549 2604 1111111111
573 2541 679 2603 Fratri
706 2538 847 2622 Grcporio
874 2535 1090 2619 archiepiscopo

507 2633 677 2697 1111111111
695 2641 722 2694 ct
737 2631 955 2714 Friosinpcnsi.
985 2691 988 2698 ,

248 3325 253 3332 ”
351 3328 407 3390 ista
422 3327 596 3388 bfouaccnsi
620 3327 741 3387 civitate
761 3327 902 3406 proximo
926 3343 1032 3386 mense
1051 3343 1119 3403 scp-
1169 3325 1231 3386 Nos
1245 3324 1392 3402 angustiis
1416 3323 1540 3385 affectus
1559 3325 1661 3395 fuisse,
1689 3325 1930 3406 quandoquidem

351 3419 665 3482 tembrianonuullis
679 3419 851 3480 1111111111
865 3418 1027 3496 theologis,
1044 3418 1117 3477 doc·
1169 3417 1366 3493 verebamur,
1406 3435 1446 3478 ne
1480 3415 1659 3496 hujusmodi
1690 3425 1847 3480 conventu
1876 3417 1930 3480 siue

351 3515 451 3592 tisqne
472 3513 626 3574 catholicis
643 3512 718 3572 viris
731 3511 835 3572 habito
851 3512 889 3572 de
912 3511 1004 3572 variis
1026 3528 1120 3589 argu·
1170 3509 1931 3591 ecclesiasticaauctoritatecongregatoexemplum

353 3606 477 3683 mentis,
499 3624 569 3684 quae
596 3605 635 3665 ad
666 3603 854 3683 theologicas
885 3604 1059 3684 prasertim
1085 3622 1121 3664 ae
1170 3603 1362 3684 praeberetur
1376 3603 1491 3663 sensim
1505 3603 1675 3682 usurpandi
1695 3603 1815 3683 aliquid
1828 3604 1933 3683 exjure

353 3699 579 3778 philosophicas
592 3697 756 3759 tradendas
770 3697 946 3776 disciplinas
953 3696 1117 3776 pertinent.
1170 3695 1363 3756 ecclesiastici
1383 3695 1545 3774 regiminis
1572 3701 1602 3756 et
1630 3695 1803 3758 authentici
1831 3695 1932 3775 magis

354 3794 398 3853 Ex
412 3789 586 3852 litteristibi
602 3792 716 3851 Nostro
726 3790 816 3869 jussu
827 3790 945 3869 scriptis
959 3789 1121 3850 111111111-
1171 3788 1251 3866 terii,
1277 3789 1361 3868 quod
1385 3788 1489 3849 divina
1508 3787 1704 3850 institutione
1717 3790 1882 3870 proprium
1898 3792 1933 3850 est

354 3884 408 3945 bili
422 3885 526 3945 Fratre
555 3883 700 3946 ltlatthaeo
715 3883 942 3962 archiepiscopo
962 3883 1121 3943 Neocaesa-
1172 3882 1312 3943 Romano
1336 3881 1485 3958 Pontifici,
1510 3887 1541 3942 11
1562 3881 1712 3962 episcopis
1735 3883 1770 3943 in
1786 3884 1935 3944 unioueet

353 3977 459 4050 riensi,
476 3979 585 4038 Nostro
596 3982 626 4037 11
638 3976 820 4055 Apostolicae
831 3975 924 4053 hujus
939 3975 1027 4036 Sedis
1041 3975 1123 4055 apud
1173 3973 1375 4035 consensione
1394 3991 1467 4035 cum
1482 3973 1514 4034 S.
1542 3974 1622 4034 Petri
1643 3992 1834 4054 successore,
1856 3983 1935 4055 atque

354 4071 445 4131 istam
458 4070 577 4149 regiam
584 4069 688 4129 aulam
700 4067 821 4144 nuntio,
836 4067 983 4129 vellacile
998 4085 1124 4129 noscere
1173 4067 1227 4140 ita,
1245 4065 1560 4128 ecclesiasticoordine
1573 4066 1766 4146 perturbato,
1777 4068 1935 4148 aliquando

355 4163 494 4243 potuisti,
510 4161 700 4223 Venerabilis
715 4159 831 4234 Frater,
848 4161 961 4240 quibus
976 4161 1038 4222 Nos
1054 4179 1123 4221 sen·
1174 4160 1276 4222 unitas
1299 4166 1330 4222 11
1353 4159 1529 4221 obedientia
1543 4159 1615 4230 fidei
1629 4161 1712 4241 apud
1727 4161 1853 4241 aliquos
1868 4161 1937 4222 labe

356 4256 440 4318 albus
456 4255 556 4315 affecti
580 4253 740 4329 fuerimus,
770 4253 824 4314 ubi
851 4256 987 4334 primum
1001 4253 1039 4315 de
1065 4253 1125 4314 hoc
1173 4253 1348 4314 factaretur.
1363 4252 1455 4332 Atqui
1463 4253 1556 4314 etiam
1570 4252 1769 4328 timebamus,
1780 4273 1822 4316 ne
1835 4255 1869 4316 in
1882 4254 1937 4334 ipsu

356 4347 512 4428 proposito
534 4351 689 4407 conventu
710 4346 857 4406 nuntium
882 4347 1067 4426 accepimus,
1095 4351 1125 4406 et
1174 4352 1329 4408 conventu
1354 4345 1498 4425 quaedam
1526 4345 1770 4407 renunciarentur
1797 4367 1835 4410 ac
1862 4353 1937 4408 teue-

355 4439 712 4520 postquamjagnovimus
724 4440 880 4517 quomodo
892 4439 1126 4500 commemorati
1174 4449 1284 4501 rentur
1304 4439 1466 4521 opiniones
1484 4443 1515 4498 et
1542 4438 1663 4517 placita,
1680 4457 1751 4518 quae
1777 4440 1815 4502 iu
1840 4440 1940 4519 vulgus

356 4532 493 4610 theologi
507 4537 538 4592 et
543 4531 602 4590 viri
610 4531 649 4591 ad
656 4531 836 4609 hujusmodi
849 4540 1037 4594 conventum
1047 4531 1125 4592 invi·
1175 4533 1347 4612 prasertim
1360 4532 1481 4605 emissa,
1492 4537 1523 4592 et
1536 4531 1693 4592 catholicae
1707 4531 1941 4614 (1111111111-

357 4625 412 4684 tati
426 4631 456 4685 et
479 4623 656 4703 congregati
669 4623 766 4684 fuere.
788 4621 870 4684 Nihil
889 4629 970 4685 11111
984 4624 1126 4686 dubitare
1175 4631 1282 4702 tatem,
1299 4631 1330 4686 11
1343 4624 1478 4686 debitam
1492 4623 1715 4702 subjectionem
1726 4624 1761 4686 in
1774 4627 1941 4706 periculum

357 4715 536 4777 volebamus
550 4715 587 4776 de
607 4714 754 4776 laudabili
768 4715 840 4788 fine,
863 4734 925 4794 quo
941 4715 1036 4796 hujus
1051 4736 1124 4778 con·
1175 4736 1211 4779 ac
1224 4718 1389 4779 discrimen
1415 4721 1571 4778 vocarent.
1596 4718 1726 4778 Summo
1754 4719 1845 4780 euim
1857 4715 1942 4780 animi

357 4814 468 4870 ventus
493 4813 634 4869 auctores
659 4807 855 4888 fautoresque
875 4810 1010 4888 permoti
1023 4809 1121 4888 fuere,
1177 4811 1280 4872 Nostri
1320 4810 1425 4871 dolore
1465 4807 1715 4886 recordabamur,
1757 4808 1944 4873 Venerabilis

358 4901 515 4962 dissiliret
535 4917 643 4961 omnes
664 4899 806 4962 catholici
819 4900 878 4960 viri
895 4901 1034 4962 doctrina
1049 4921 1126 4982 prae-
1176 4904 1292 4980 Frater,
1314 4905 1394 4964 hanc
1409 4901 1617 4983 Apostolieam
1629 4902 1742 4964 Sedem
1757 4921 1819 4984 pro
1836 4903 1943 4986 gravis-

358 5001 484 5070 stautes,
509 4993 624 5054 collatis
647 4991 791 5069 consiliis,
810 4993 1043 5074 conjunctisque
1056 4995 1127 5056 riri·
1176 4996 1246 5057 simi
1261 4996 1308 5056 sui
1318 4994 1456 5056 muneris
1468 4993 1569 5055 officio
1581 4993 1725 5056 debuisse
1734 4995 1859 5058 ultimis
1872 4997 1944 5058 bisce

359 5107 423 5164 cus,
437 5103 616 5167 germanam
638 5085 794 5146 catholicae
814 5087 954 5148 Ecclesiae
968 5089 1127 5150 scientiam
1176 5088 1369 5168 temporibus
1383 5087 1865 5167 consuranotareacprohiherc
1878 5107 1945 5151 uon

359 5173 587 5262 promoverent,
610 5196 739 5256 eamque
760 5177 916 5238 1111111111
930 5197 965 5240 11
978 5181 1129 5259 pernicio
1177 5180 1337 5244 nullorum
1364 5179 1538 5242 Germaniae
1561 5179 1749 5259 scriptorum
1771 5200 1879 5263 opera,
1898 5180 1944 5261 qui

358 5273 484 5336 sissimis
496 5257 548 5358 111
562 5270 808 5332 aduersariorum
822 5271 1020 5350 opinionibus
1034 5292 1125 5335 cona·
1178 5290 1250 5336 cum
1269 5273 1423 5336 nescirent
1444 5273 1590 5336 decedere
1608 5271 1648 5332 ab
1663 5271 1770 5352 aliquo
1785 5275 1942 5355 principio,

358 5367 503 5446 tibusquc
522 5363 719 5452 ,uindicarent
732 5381 768 5424 ac
782 5361 992 5425 defenderent.
1021 5367 1080 5428 Sed
1094 5367 1126 5428 in
1178 5385 1232 5430 sau
1260 5367 1407 5428 methodo
1429 5365 1513 5427 falsae
1538 5364 1685 5438 scientiae,
1711 5372 1767 5426 aut
1796 5367 1943 5430 hodierna

358 5460 415 5520 hac
435 5457 559 5522 sublimi
574 5455 721 5535 Principis
737 5455 954 5535 Apostolorum
968 5459 1127 5546 cathedra,¹
1176 5461 1291 5522 fallacis
1306 5458 1518 5544 philosophiae
1545 5462 1658 5538 praeter
1682 5458 1888 5538 voluntatem,
1905 5459 1943 5520 uti

359 5553 429 5613 licet
450 5550 658 5624 immerentes,
685 5548 822 5610 collocati
850 5549 1026 5629 asperrimis
1043 5552 1129 5616 biscti
1177 5545 1371 5629 ionhdimus,
1393 5551 1511 5613 inducti
1532 5551 1617 5612 11111
1640 5549 1679 5612 ad
1704 5551 1942 5632 proferendasar
