<?xml version="1.0" encoding="UTF-8"?>
<!DOCTYPE html PUBLIC "-//W3C//DTD XHTML 1.0 Transitional//EN"
    "http://www.w3.org/TR/xhtml1/DTD/xhtml1-transitional.dtd">
<html xmlns="http://www.w3.org/1999/xhtml" xml:lang="en" lang="en">
 <head>
  <title>
</title>
<meta http-equiv="Content-Type" content="text/html;charset=utf-8" />
  <meta name='ocr-system' content='tesseract 3.04.00' />
  <meta name='ocr-capabilities' content='ocr_page ocr_carea ocr_par ocr_line ocrx_word'/>
</head>
<body>
  <div class='ocr_page' id='page_1' title='image "./theologiamorali00busegoog_0251.png"; bbox 0 0 3938 6338; ppageno 0'>
   <div class='ocr_carea' id='block_1_1' title="bbox 278 605 1386 782">
    <p class='ocr_par' dir='ltr' id='par_1_1' title="bbox 278 605 1386 782">
     <span class='ocr_line' id='line_1_1' title="bbox 278 605 1386 782; baseline 0.003 -27"><span class='ocrx_word' id='word_1_1' title='bbox 278 605 883 782; x_wconf 86' lang='lat' dir='ltr'><em>QUAESTIO</em></span> <span class='ocrx_word' id='word_1_2' title='bbox 986 610 1386 759; x_wconf 85' lang='lat' dir='ltr'><strong>FACTI</strong></span> 
     </span>
    </p>
   </div>
   <div class='ocr_carea' id='block_1_2' title="bbox 73 898 1588 1000">
    <p class='ocr_par' dir='ltr' id='par_1_2' title="bbox 73 898 1588 1000">
     <span class='ocr_line' id='line_1_2' title="bbox 73 898 1588 1000; baseline 0.001 -24"><span class='ocrx_word' id='word_1_3' title='bbox 73 903 190 976; x_wconf 82' lang='lat' dir='ltr'><em>[tuum</em></span> <span class='ocrx_word' id='word_1_4' title='bbox 215 898 489 998; x_wconf 80' lang='lat' dir='ltr'><em>Theologorum</em></span> <span class='ocrx_word' id='word_1_5' title='bbox 515 901 708 978; x_wconf 85' lang='lat' dir='ltr'><em>societatis</em></span> <span class='ocrx_word' id='word_1_6' title='bbox 733 909 821 978; x_wconf 87' lang='lat' dir='ltr'><em>lesu</em></span> <span class='ocrx_word' id='word_1_7' title='bbox 853 903 1016 1000; x_wconf 76' lang='lat' dir='ltr'><em>propriae</em></span> <span class='ocrx_word' id='word_1_8' title='bbox 1048 903 1125 978; x_wconf 88' lang='lat' dir='ltr'><em>sint</em></span> <span class='ocrx_word' id='word_1_9' title='bbox 1154 904 1235 978; x_wconf 88' lang='lat' dir='ltr'><em>istae</em></span> <span class='ocrx_word' id='word_1_10' title='bbox 1268 903 1466 979; x_wconf 82' lang='lat' dir='ltr'><em>sententiae</em></span> <span class='ocrx_word' id='word_1_11' title='bbox 1492 901 1588 979; x_wconf 87' lang='lat' dir='ltr'><em>duae.</em></span> 
     </span>
    </p>
   </div>
   <div class='ocr_carea' id='block_1_3' title="bbox 704 1133 940 1221">
    <p class='ocr_par' dir='ltr' id='par_1_3' title="bbox 704 1133 940 1221">
     <span class='ocr_line' id='line_1_3' title="bbox 704 1133 940 1221; baseline 0.004 -2"><span class='ocrx_word' id='word_1_12' title='bbox 704 1133 940 1221; x_wconf 79' lang='lat' dir='ltr'>PRIMA</span> 
     </span>
    </p>
   </div>
   <div class='ocr_carea' id='block_1_4' title="bbox 242 1325 1403 1427">
    <p class='ocr_par' dir='ltr' id='par_1_4' title="bbox 242 1325 1403 1427">
     <span class='ocr_line' id='line_1_4' title="bbox 242 1325 1403 1427; baseline 0 -17"><span class='ocrx_word' id='word_1_13' title='bbox 242 1357 292 1410; x_wconf 80' lang='lat' dir='ltr'><em>En</em></span> <span class='ocrx_word' id='word_1_14' title='bbox 319 1353 437 1410; x_wconf 81' lang='lat' dir='ltr'><em>duabus</em></span> <span class='ocrx_word' id='word_1_15' title='bbox 464 1353 650 1426; x_wconf 73' lang='lat' dir='ltr'><em>opinionibus</em></span> <span class='ocrx_word' id='word_1_16' title='bbox 664 1352 871 1427; x_wconf 83' lang='lat' dir='ltr'><em>probabilibus</em></span> <span class='ocrx_word' id='word_1_17' title='bbox 893 1369 1050 1426; x_wconf 81' lang='lat' dir='ltr'><em>possumne</em></span> <span class='ocrx_word' id='word_1_18' title='bbox 1071 1357 1152 1426; x_wconf 82' lang='lat' dir='ltr'><em>sequi</em></span> <span class='ocrx_word' id='word_1_19' title='bbox 1173 1358 1270 1412; x_wconf 83' lang='lat' dir='ltr'><em>minus</em></span> <span class='ocrx_word' id='word_1_20' title='bbox 1297 1325 1403 1412; x_wconf 81' lang='lat' dir='ltr'><em>intem.</em></span> 
     </span>
    </p>
   </div>
   <div class='ocr_carea' id='block_1_5' title="bbox 657 1557 994 1646">
    <p class='ocr_par' dir='ltr' id='par_1_5' title="bbox 657 1557 994 1646">
     <span class='ocr_line' id='line_1_5' title="bbox 657 1557 994 1646; baseline 0.003 -2"><span class='ocrx_word' id='word_1_21' title='bbox 657 1557 994 1646; x_wconf 85' lang='lat' dir='ltr'><strong>SECUNDA</strong></span> 
     </span>
    </p>
   </div>
   <div class='ocr_carea' id='block_1_6' title="bbox 174 1775 1476 1850">
    <p class='ocr_par' dir='ltr' id='par_1_6' title="bbox 174 1775 1476 1850">
     <span class='ocr_line' id='line_1_6' title="bbox 174 1775 1476 1850; baseline 0.001 -17"><span class='ocrx_word' id='word_1_22' title='bbox 174 1780 221 1833; x_wconf 82' lang='lat' dir='ltr'><em>En</em></span> <span class='ocrx_word' id='word_1_23' title='bbox 239 1777 357 1836; x_wconf 74' lang='lat' dir='ltr'><em>duabsu</em></span> <span class='ocrx_word' id='word_1_24' title='bbox 375 1777 559 1850; x_wconf 72' lang='lat' dir='ltr'><em>opinionibus</em></span> <span class='ocrx_word' id='word_1_25' title='bbox 575 1775 782 1850; x_wconf 78' lang='lat' dir='ltr'><em>probabilibus</em></span> <span class='ocrx_word' id='word_1_26' title='bbox 799 1776 914 1834; x_wconf 79' lang='lat' dir='ltr'><em>llolttun</em></span> <span class='ocrx_word' id='word_1_27' title='bbox 941 1782 984 1834; x_wconf 86' lang='lat' dir='ltr'><em>esi</em></span> <span class='ocrx_word' id='word_1_28' title='bbox 1007 1776 1150 1849; x_wconf 85' lang='lat' dir='ltr'><em>amplecti</em></span> <span class='ocrx_word' id='word_1_29' title='bbox 1169 1779 1266 1834; x_wconf 76' lang='lat' dir='ltr'><em>minens</em></span> <span class='ocrx_word' id='word_1_30' title='bbox 1280 1777 1476 1850; x_wconf 75' lang='lat' dir='ltr'><em>probabilem.</em></span> 
     </span>
    </p>
   </div>
   <div class='ocr_carea' id='block_1_7' title="bbox 27 2194 1633 5498">
    <p class='ocr_par' dir='ltr' id='par_1_7' title="bbox 27 2194 1633 5498">
     <span class='ocr_line' id='line_1_7' title="bbox 272 2194 1625 2277; baseline -0.001 -14"><span class='ocrx_word' id='word_1_31' title='bbox 272 2199 401 2263; x_wconf 82' lang='lat' dir='ltr'><strong>CAPUT</strong></span> <span class='ocrx_word' id='word_1_32' title='bbox 420 2201 561 2264; x_wconf 84' lang='lat' dir='ltr'><em>PlMUbl.</em></span> <span class='ocrx_word' id='word_1_33' title='bbox 851 2197 938 2276; x_wconf 86' lang='lat' dir='ltr'><em>cujus</em></span> <span class='ocrx_word' id='word_1_34' title='bbox 948 2194 1196 2277; x_wconf 88' lang='lat' dir='ltr'><em>probabilitatem</em></span> <span class='ocrx_word' id='word_1_35' title='bbox 1208 2198 1504 2275; x_wconf 68' lang='lat' dir='ltr'><em>neeessariamesse</em></span> <span class='ocrx_word' id='word_1_36' title='bbox 1516 2206 1552 2260; x_wconf 88' lang='lat' dir='ltr'><em>nt</em></span> <span class='ocrx_word' id='word_1_37' title='bbox 1565 2219 1625 2262; x_wconf 87' lang='lat' dir='ltr'><em>non</em></span> 
     </span>
     <span class='ocr_line' id='line_1_8' title="bbox 185 2289 1625 2462; baseline 0.003 -21"><span class='ocrx_word' id='word_1_38' title='bbox 185 2327 667 2410; x_wconf 70' lang='lat' dir='ltr'><em>0....·...·..n.....1.·.....</em></span> <span class='ocrx_word' id='word_1_39' title='bbox 852 2293 1079 2442; x_wconf 73' lang='lat' dir='ltr'><em>ttttttt</em></span> <span class='ocrx_word' id='word_1_40' title='bbox 1092 2289 1625 2462; x_wconf 49' lang='lat' dir='ltr'><em>illibi.tibitibi</em></span> 
     </span>
     <span class='ocr_line' id='line_1_9' title="bbox 79 2469 1625 2555; baseline 0.005 -25"><span class='ocrx_word' id='word_1_41' title='bbox 79 2470 184 2530; x_wconf 83' lang='lat' dir='ltr'><em>Utrum</em></span> <span class='ocrx_word' id='word_1_42' title='bbox 217 2489 301 2532; x_wconf 80' lang='lat' dir='ltr'><em>uerae</em></span> <span class='ocrx_word' id='word_1_43' title='bbox 340 2470 401 2531; x_wconf 87' lang='lat' dir='ltr'><em>sint</em></span> <span class='ocrx_word' id='word_1_44' title='bbox 440 2470 506 2530; x_wconf 85' lang='lat' dir='ltr'><em>istae</em></span> <span class='ocrx_word' id='word_1_45' title='bbox 540 2469 721 2536; x_wconf 79' lang='lat' dir='ltr'><em>sententia,</em></span> <span class='ocrx_word' id='word_1_46' title='bbox 763 2485 804 2528; x_wconf 85' lang='lat' dir='ltr'><em>aa</em></span> <span class='ocrx_word' id='word_1_47' title='bbox 853 2473 1041 2534; x_wconf 72' lang='lat' dir='ltr'><em>comrndiont</em></span> <span class='ocrx_word' id='word_1_48' title='bbox 1068 2476 1219 2534; x_wconf 82' lang='lat' dir='ltr'><em>communi</em></span> <span class='ocrx_word' id='word_1_49' title='bbox 1230 2520 1237 2548; x_wconf 92' lang='lat'>,</span> <span class='ocrx_word' id='word_1_50' title='bbox 1275 2477 1305 2533; x_wconf 89' lang='lat' dir='ltr'><em>et</em></span> <span class='ocrx_word' id='word_1_51' title='bbox 1329 2480 1455 2555; x_wconf 78' lang='lat' dir='ltr'><em>recepta</em></span> <span class='ocrx_word' id='word_1_52' title='bbox 1482 2476 1625 2537; x_wconf 75' lang='lat' dir='ltr'><em>doctrina</em></span> 
     </span>
     <span class='ocr_line' id='line_1_10' title="bbox 45 2559 1625 2648; baseline 0.005 -26"><span class='ocrx_word' id='word_1_53' title='bbox 45 2561 127 2634; x_wconf 79' lang='lat' dir='ltr'><em>lalsae,</em></span> <span class='ocrx_word' id='word_1_54' title='bbox 141 2581 206 2625; x_wconf 92' lang='lat' dir='ltr'><em>non</em></span> <span class='ocrx_word' id='word_1_55' title='bbox 221 2563 346 2643; x_wconf 87' lang='lat' dir='ltr'><em>disputo</em></span> <span class='ocrx_word' id='word_1_56' title='bbox 362 2583 369 2622; x_wconf 79' lang='grc' dir='ltr'><strong>ι</strong></span> <span class='ocrx_word' id='word_1_57' title='bbox 385 2563 445 2624; x_wconf 88' lang='lat' dir='ltr'><em>hoc</em></span> <span class='ocrx_word' id='word_1_58' title='bbox 456 2579 556 2622; x_wconf 89' lang='lat' dir='ltr'><em>unum</em></span> <span class='ocrx_word' id='word_1_59' title='bbox 566 2580 683 2640; x_wconf 73' lang='lat' dir='ltr'><em>quaero,</em></span> <span class='ocrx_word' id='word_1_60' title='bbox 694 2559 755 2621; x_wconf 87' lang='lat' dir='ltr'><em>sint</em></span> <span class='ocrx_word' id='word_1_61' title='bbox 764 2577 804 2621; x_wconf 86' lang='lat' dir='ltr'><em>ne</em></span> <span class='ocrx_word' id='word_1_62' title='bbox 853 2564 1030 2625; x_wconf 84' lang='lat' dir='ltr'><em>Doctorum.</em></span> <span class='ocrx_word' id='word_1_63' title='bbox 1040 2564 1145 2625; x_wconf 79' lang='lat' dir='ltr'><em>Altera</em></span> <span class='ocrx_word' id='word_1_64' title='bbox 1156 2564 1292 2626; x_wconf 90' lang='lat' dir='ltr'><em>conditio</em></span> <span class='ocrx_word' id='word_1_65' title='bbox 1302 2571 1359 2643; x_wconf 85' lang='lat' dir='ltr'><em>est,</em></span> <span class='ocrx_word' id='word_1_66' title='bbox 1371 2572 1407 2626; x_wconf 89' lang='lat' dir='ltr'><em>ut</em></span> <span class='ocrx_word' id='word_1_67' title='bbox 1420 2567 1512 2628; x_wconf 90' lang='lat' dir='ltr'><em>firmo</em></span> <span class='ocrx_word' id='word_1_68' title='bbox 1521 2568 1625 2648; x_wconf 89' lang='lat' dir='ltr'><em>aliquo</em></span> 
     </span>
     <span class='ocr_line' id='line_1_11' title="bbox 45 2653 1624 2740; baseline 0.004 -26"><span class='ocrx_word' id='word_1_69' title='bbox 45 2653 668 2733; x_wconf 76' lang='lat' dir='ltr'><em>&#39;theologorumSocietatisbesupropriae.</em></span> <span class='ocrx_word' id='word_1_70' title='bbox 681 2653 805 2714; x_wconf 85' lang='lat' dir='ltr'><em>Dudum</em></span> <span class='ocrx_word' id='word_1_71' title='bbox 854 2656 1055 2717; x_wconf 82' lang='lat' dir='ltr'><em>fundamento</em></span> <span class='ocrx_word' id='word_1_72' title='bbox 1070 2657 1199 2717; x_wconf 78' lang='lat' dir='ltr'><em>nitatur.</em></span> <span class='ocrx_word' id='word_1_73' title='bbox 1216 2656 1338 2736; x_wconf 84' lang='lat' dir='ltr'>Duplex</span> <span class='ocrx_word' id='word_1_74' title='bbox 1348 2663 1508 2721; x_wconf 84' lang='lat' dir='ltr'><em>astantem</em></span> <span class='ocrx_word' id='word_1_75' title='bbox 1516 2659 1624 2740; x_wconf 84' lang='lat' dir='ltr'><em>hujus-</em></span> 
     </span>
     <span class='ocr_line' id='line_1_12' title="bbox 45 2745 1627 2828; baseline 0.003 -20"><span class='ocrx_word' id='word_1_76' title='bbox 45 2751 83 2807; x_wconf 78' lang='lat' dir='ltr'><em>est</em></span> <span class='ocrx_word' id='word_1_77' title='bbox 95 2747 187 2824; x_wconf 88' lang='lat' dir='ltr'><em>enim,</em></span> <span class='ocrx_word' id='word_1_78' title='bbox 204 2747 328 2826; x_wconf 92' lang='lat' dir='ltr'><em>quodid</em></span> <span class='ocrx_word' id='word_1_79' title='bbox 337 2745 527 2819; x_wconf 88' lang='lat' dir='ltr'><em>Montaltius,</em></span> <span class='ocrx_word' id='word_1_80' title='bbox 541 2745 653 2825; x_wconf 91' lang='lat' dir='ltr'><em>aliique</em></span> <span class='ocrx_word' id='word_1_81' title='bbox 668 2745 804 2824; x_wconf 89' lang='lat' dir='ltr'><em>Scripto-</em></span> <span class='ocrx_word' id='word_1_82' title='bbox 854 2747 940 2808; x_wconf 88' lang='lat' dir='ltr'><em>modi</em></span> <span class='ocrx_word' id='word_1_83' title='bbox 962 2746 1216 2809; x_wconf 87' lang='lat' dir='ltr'><em>fundamentum:</em></span> <span class='ocrx_word' id='word_1_84' title='bbox 1241 2765 1354 2828; x_wconf 84' lang='lat' dir='ltr'><em>nempe</em></span> <span class='ocrx_word' id='word_1_85' title='bbox 1373 2749 1470 2812; x_wconf 91' lang='lat' dir='ltr'><em>solida</em></span> <span class='ocrx_word' id='word_1_86' title='bbox 1488 2753 1577 2828; x_wconf 89' lang='lat' dir='ltr'><em>ratio,</em></span> <span class='ocrx_word' id='word_1_87' title='bbox 1596 2757 1627 2813; x_wconf 88' lang='lat' dir='ltr'><em>et</em></span> 
     </span>
     <span class='ocr_line' id='line_1_13' title="bbox 45 2836 1625 2922; baseline 0.004 -24"><span class='ocrx_word' id='word_1_88' title='bbox 45 2857 87 2900; x_wconf 82' lang='lat' dir='ltr'><em>res</em></span> <span class='ocrx_word' id='word_1_89' title='bbox 105 2839 227 2917; x_wconf 80' lang='lat' dir='ltr'><em>larvati,</em></span> <span class='ocrx_word' id='word_1_90' title='bbox 244 2857 339 2918; x_wconf 86' lang='lat' dir='ltr'><em>quam</em></span> <span class='ocrx_word' id='word_1_91' title='bbox 361 2839 551 2919; x_wconf 85' lang='lat' dir='ltr'><em>importune,</em></span> <span class='ocrx_word' id='word_1_92' title='bbox 568 2843 632 2898; x_wconf 87' lang='lat' dir='ltr'><em>tam</em></span> <span class='ocrx_word' id='word_1_93' title='bbox 652 2837 727 2898; x_wconf 85' lang='lat' dir='ltr'><em>falso</em></span> <span class='ocrx_word' id='word_1_94' title='bbox 746 2836 806 2898; x_wconf 90' lang='lat' dir='ltr'><em>illis</em></span> <span class='ocrx_word' id='word_1_95' title='bbox 855 2839 1035 2918; x_wconf 74' lang='lat' dir='ltr'><em>arictoritaS,</em></span> <span class='ocrx_word' id='word_1_96' title='bbox 1051 2840 1146 2919; x_wconf 88' lang='lat' dir='ltr'><em>digna</em></span> <span class='ocrx_word' id='word_1_97' title='bbox 1162 2839 1239 2917; x_wconf 88' lang='lat' dir='ltr'><em>fide,</em></span> <span class='ocrx_word' id='word_1_98' title='bbox 1262 2859 1326 2922; x_wconf 73' lang='lat' dir='ltr'><em>qna</em></span> <span class='ocrx_word' id='word_1_99' title='bbox 1341 2845 1374 2903; x_wconf 92' lang='lat' dir='ltr'><em>in</em></span> <span class='ocrx_word' id='word_1_100' title='bbox 1388 2862 1420 2904; x_wconf 96' lang='lat' dir='ltr'><em>re</em></span> <span class='ocrx_word' id='word_1_101' title='bbox 1436 2844 1559 2920; x_wconf 86' lang='lat' dir='ltr'><em>Morali,</em></span> <span class='ocrx_word' id='word_1_102' title='bbox 1576 2845 1625 2905; x_wconf 89' lang='lat' dir='ltr'><em>iu-</em></span> 
     </span>
     <span class='ocr_line' id='line_1_14' title="bbox 44 2930 1624 3016; baseline 0.004 -24"><span class='ocrx_word' id='word_1_103' title='bbox 44 2932 217 3011; x_wconf 82' lang='lat' dir='ltr'><em>exprobant.</em></span> <span class='ocrx_word' id='word_1_104' title='bbox 255 2931 345 2998; x_wconf 88' lang='lat' dir='ltr'><em>Quod</em></span> <span class='ocrx_word' id='word_1_105' title='bbox 372 2937 407 2991; x_wconf 91' lang='lat' dir='ltr'><em>ut</em></span> <span class='ocrx_word' id='word_1_106' title='bbox 434 2934 574 2992; x_wconf 89' lang='lat' dir='ltr'><em>accurate</em></span> <span class='ocrx_word' id='word_1_107' title='bbox 608 2930 804 3010; x_wconf 76' lang='lat' dir='ltr'><em>disceptetur,</em></span> <span class='ocrx_word' id='word_1_108' title='bbox 855 2931 925 3010; x_wconf 94' lang='lat' dir='ltr'><em>quit</em></span> <span class='ocrx_word' id='word_1_109' title='bbox 939 2933 1052 2992; x_wconf 90' lang='lat' dir='ltr'><em>Suarez</em></span> <span class='ocrx_word' id='word_1_110' title='bbox 1067 2932 1194 3010; x_wconf 88' lang='lat' dir='ltr'><em>ibidem,</em></span> <span class='ocrx_word' id='word_1_111' title='bbox 1216 2933 1347 2994; x_wconf 82' lang='lat' dir='ltr'><em>multane</em></span> <span class='ocrx_word' id='word_1_112' title='bbox 1364 2933 1454 2996; x_wconf 83' lang='lat' dir='ltr'><em>labet</em></span> <span class='ocrx_word' id='word_1_113' title='bbox 1467 2936 1624 3016; x_wconf 84' lang='lat' dir='ltr'><em>ponderis.</em></span> 
     </span>
     <span class='ocr_line' id='line_1_15' title="bbox 45 3022 1626 3101; baseline 0.005 -19"><span class='ocrx_word' id='word_1_114' title='bbox 45 3024 214 3101; x_wconf 75' lang='lat' dir='ltr'><em>questionis</em></span> <span class='ocrx_word' id='word_1_115' title='bbox 228 3027 326 3084; x_wconf 85' lang='lat' dir='ltr'><em>status</em></span> <span class='ocrx_word' id='word_1_116' title='bbox 339 3023 436 3099; x_wconf 81' lang='lat' dir='ltr'><em>brevi,</em></span> <span class='ocrx_word' id='word_1_117' title='bbox 453 3028 484 3086; x_wconf 90' lang='lat' dir='ltr'><em>et</em></span> <span class='ocrx_word' id='word_1_118' title='bbox 497 3022 656 3084; x_wconf 87' lang='lat' dir='ltr'><em>enucleata</em></span> <span class='ocrx_word' id='word_1_119' title='bbox 668 3022 804 3100; x_wconf 82' lang='lat' dir='ltr'><em>singula-</em></span> <span class='ocrx_word' id='word_1_120' title='bbox 856 3024 930 3097; x_wconf 84' lang='lat' dir='ltr'><em>Quae</em></span> <span class='ocrx_word' id='word_1_121' title='bbox 944 3025 1049 3085; x_wconf 90' lang='lat' dir='ltr'><em>omnia</em></span> <span class='ocrx_word' id='word_1_122' title='bbox 1064 3025 1156 3085; x_wconf 84' lang='lat' dir='ltr'><em>Suari</em></span> <span class='ocrx_word' id='word_1_123' title='bbox 1173 3026 1379 3087; x_wconf 79' lang='lat' dir='ltr'><em>assentientur</em></span> <span class='ocrx_word' id='word_1_124' title='bbox 1395 3046 1503 3088; x_wconf 89' lang='lat' dir='ltr'><em>omnes</em></span> <span class='ocrx_word' id='word_1_125' title='bbox 1523 3029 1626 3091; x_wconf 89' lang='lat' dir='ltr'><em>Socio-</em></span> 
     </span>
     <span class='ocr_line' id='line_1_16' title="bbox 43 3114 1626 3201; baseline 0.004 -25"><span class='ocrx_word' id='word_1_126' title='bbox 43 3133 106 3176; x_wconf 90' lang='lat' dir='ltr'><em>rum</em></span> <span class='ocrx_word' id='word_1_127' title='bbox 118 3134 243 3192; x_wconf 83' lang='lat' dir='ltr'><em>vocum,</em></span> <span class='ocrx_word' id='word_1_128' title='bbox 259 3115 374 3194; x_wconf 89' lang='lat' dir='ltr'><em>quibus</em></span> <span class='ocrx_word' id='word_1_129' title='bbox 389 3115 451 3176; x_wconf 76' lang='lat' dir='ltr'><em>illae</em></span> <span class='ocrx_word' id='word_1_130' title='bbox 465 3114 624 3176; x_wconf 76' lang='lat' dir='ltr'><em>sententiae</em></span> <span class='ocrx_word' id='word_1_131' title='bbox 638 3114 677 3176; x_wconf 89' lang='lat' dir='ltr'><em>ab</em></span> <span class='ocrx_word' id='word_1_132' title='bbox 694 3114 804 3175; x_wconf 88' lang='lat' dir='ltr'><em>actori·</em></span> <span class='ocrx_word' id='word_1_133' title='bbox 856 3116 926 3176; x_wconf 88' lang='lat' dir='ltr'><em>tatis</em></span> <span class='ocrx_word' id='word_1_134' title='bbox 937 3122 1050 3178; x_wconf 74' lang='lat' dir='ltr'><em>nostre</em></span> <span class='ocrx_word' id='word_1_135' title='bbox 1065 3116 1229 3197; x_wconf 80' lang='lat' dir='ltr'><em>Theologi‚</em></span> <span class='ocrx_word' id='word_1_136' title='bbox 1250 3118 1304 3197; x_wconf 87' lang='lat' dir='ltr'><em>qui</em></span> <span class='ocrx_word' id='word_1_137' title='bbox 1318 3118 1367 3179; x_wconf 83' lang='lat' dir='ltr'><em>vel</em></span> <span class='ocrx_word' id='word_1_138' title='bbox 1380 3120 1511 3180; x_wconf 87' lang='lat' dir='ltr'><em>strictim</em></span> <span class='ocrx_word' id='word_1_139' title='bbox 1526 3139 1626 3201; x_wconf 76' lang='lat' dir='ltr'><em>quass-</em></span> 
     </span>
     <span class='ocr_line' id='line_1_17' title="bbox 44 3206 1257 3289; baseline 0.002 -22"><span class='ocrx_word' id='word_1_140' title='bbox 44 3206 94 3268; x_wconf 86' lang='lat' dir='ltr'><em>bus</em></span> <span class='ocrx_word' id='word_1_141' title='bbox 112 3209 173 3268; x_wconf 87' lang='lat' dir='ltr'><em>suis</em></span> <span class='ocrx_word' id='word_1_142' title='bbox 199 3207 322 3289; x_wconf 81' lang='lat' dir='ltr'><em>concipi</em></span> <span class='ocrx_word' id='word_1_143' title='bbox 347 3207 449 3269; x_wconf 84' lang='lat' dir='ltr'><em>solent</em></span> <span class='ocrx_word' id='word_1_144' title='bbox 466 3207 680 3288; x_wconf 84' lang='lat' dir='ltr'><em>explicatione,</em></span> <span class='ocrx_word' id='word_1_145' title='bbox 704 3207 805 3268; x_wconf 88' lang='lat' dir='ltr'><em>deela-</em></span> <span class='ocrx_word' id='word_1_146' title='bbox 854 3207 973 3270; x_wconf 88' lang='lat' dir='ltr'><em>tionem</em></span> <span class='ocrx_word' id='word_1_147' title='bbox 986 3209 1076 3270; x_wconf 87' lang='lat' dir='ltr'><em>istam</em></span> <span class='ocrx_word' id='word_1_148' title='bbox 1090 3209 1257 3270; x_wconf 84' lang='lat' dir='ltr'><em>librarunt.</em></span> 
     </span>
     <span class='ocr_line' id='line_1_18' title="bbox 42 3301 1627 3385; baseline 0.005 -24"><span class='ocrx_word' id='word_1_149' title='bbox 42 3301 149 3361; x_wconf 80' lang='lat' dir='ltr'><em>landus</em></span> <span class='ocrx_word' id='word_1_150' title='bbox 163 3305 222 3362; x_wconf 87' lang='lat' dir='ltr'><em>est.</em></span> <span class='ocrx_word' id='word_1_151' title='bbox 896 3301 1074 3362; x_wconf 80' lang='lat' dir='ltr'><em>Notandum</em></span> <span class='ocrx_word' id='word_1_152' title='bbox 1087 3301 1188 3376; x_wconf 85' lang='lat' dir='ltr'><em>tertio,</em></span> <span class='ocrx_word' id='word_1_153' title='bbox 1201 3301 1441 3381; x_wconf 87' lang='lat' dir='ltr'><em>probabiliorem</em></span> <span class='ocrx_word' id='word_1_154' title='bbox 1449 3305 1627 3385; x_wconf 90' lang='lat' dir='ltr'><em>opinionem</em></span> 
     </span>
     <span class='ocr_line' id='line_1_19' title="bbox 76 3391 1627 3474; baseline 0.004 -20"><span class='ocrx_word' id='word_1_155' title='bbox 76 3393 257 3454; x_wconf 79' lang='lat' dir='ltr'><em>Notandum</em></span> <span class='ocrx_word' id='word_1_156' title='bbox 281 3391 392 3472; x_wconf 91' lang='lat' dir='ltr'><em>primo,</em></span> <span class='ocrx_word' id='word_1_157' title='bbox 408 3408 584 3452; x_wconf 89' lang='lat' dir='ltr'><em>sermonem</em></span> <span class='ocrx_word' id='word_1_158' title='bbox 602 3409 666 3452; x_wconf 85' lang='lat' dir='ltr'><em>esse</em></span> <span class='ocrx_word' id='word_1_159' title='bbox 689 3392 727 3452; x_wconf 90' lang='lat' dir='ltr'><em>de</em></span> <span class='ocrx_word' id='word_1_160' title='bbox 739 3391 805 3471; x_wconf 92' lang='lat' dir='ltr'><em>opi·</em></span> <span class='ocrx_word' id='word_1_161' title='bbox 856 3411 926 3453; x_wconf 91' lang='lat' dir='ltr'><em>eam</em></span> <span class='ocrx_word' id='word_1_162' title='bbox 940 3412 1021 3467; x_wconf 84' lang='lat' dir='ltr'><em>esse,</em></span> <span class='ocrx_word' id='word_1_163' title='bbox 1045 3413 1115 3474; x_wconf 84' lang='lat' dir='ltr'><em>quae</em></span> <span class='ocrx_word' id='word_1_164' title='bbox 1133 3393 1210 3454; x_wconf 87' lang='lat' dir='ltr'><em>duas</em></span> <span class='ocrx_word' id='word_1_165' title='bbox 1231 3394 1298 3455; x_wconf 90' lang='lat' dir='ltr'><em>illas</em></span> <span class='ocrx_word' id='word_1_166' title='bbox 1316 3396 1510 3458; x_wconf 87' lang='lat' dir='ltr'><em>conditiones</em></span> <span class='ocrx_word' id='word_1_167' title='bbox 1535 3401 1627 3462; x_wconf 89' lang='lat' dir='ltr'><em>modo</em></span> 
     </span>
     <span class='ocr_line' id='line_1_20' title="bbox 42 3481 1625 3566; baseline 0.002 -20"><span class='ocrx_word' id='word_1_168' title='bbox 42 3484 138 3564; x_wconf 88' lang='lat' dir='ltr'><em>aione,</em></span> <span class='ocrx_word' id='word_1_169' title='bbox 168 3504 241 3566; x_wconf 84' lang='lat' dir='ltr'><em>quae</em></span> <span class='ocrx_word' id='word_1_170' title='bbox 267 3503 286 3545; x_wconf 89' lang='lat' dir='ltr'><em>a</em></span> <span class='ocrx_word' id='word_1_171' title='bbox 313 3483 409 3544; x_wconf 89' lang='lat' dir='ltr'><em>dubio</em></span> <span class='ocrx_word' id='word_1_172' title='bbox 429 3502 465 3545; x_wconf 89' lang='lat' dir='ltr'><em>ea</em></span> <span class='ocrx_word' id='word_1_173' title='bbox 481 3501 515 3544; x_wconf 86' lang='lat' dir='ltr'><em>re</em></span> <span class='ocrx_word' id='word_1_174' title='bbox 536 3483 698 3564; x_wconf 86' lang='lat' dir='ltr'><em>discrepat,</em></span> <span class='ocrx_word' id='word_1_175' title='bbox 723 3484 808 3563; x_wconf 91' lang='lat' dir='ltr'><em>quod</em></span> <span class='ocrx_word' id='word_1_176' title='bbox 857 3481 1022 3562; x_wconf 86' lang='lat' dir='ltr'><em>explicatas</em></span> <span class='ocrx_word' id='word_1_177' title='bbox 1036 3482 1200 3562; x_wconf 84' lang='lat' dir='ltr'><em>perfectius</em></span> <span class='ocrx_word' id='word_1_178' title='bbox 1214 3483 1526 3562; x_wconf 77' lang='lat' dir='ltr'><em>possidetttutiorem</em></span> <span class='ocrx_word' id='word_1_179' title='bbox 1539 3506 1625 3563; x_wconf 87' lang='lat' dir='ltr'><em>vero,</em></span> 
     </span>
     <span class='ocr_line' id='line_1_21' title="bbox 42 3573 1628 3657; baseline 0.003 -21"><span class='ocrx_word' id='word_1_180' title='bbox 42 3578 166 3639; x_wconf 90' lang='lat' dir='ltr'><em>dubium</em></span> <span class='ocrx_word' id='word_1_181' title='bbox 177 3582 325 3638; x_wconf 90' lang='lat' dir='ltr'><em>neutram</em></span> <span class='ocrx_word' id='word_1_182' title='bbox 339 3575 503 3654; x_wconf 88' lang='lat' dir='ltr'><em>inpartem</em></span> <span class='ocrx_word' id='word_1_183' title='bbox 516 3574 653 3651; x_wconf 80' lang='lat' dir='ltr'><em>inclinet,</em></span> <span class='ocrx_word' id='word_1_184' title='bbox 670 3576 808 3656; x_wconf 89' lang='lat' dir='ltr'><em>adeoque</em></span> <span class='ocrx_word' id='word_1_185' title='bbox 857 3593 928 3654; x_wconf 81' lang='lat' dir='ltr'><em>quae</em></span> <span class='ocrx_word' id='word_1_186' title='bbox 955 3593 1012 3635; x_wconf 88' lang='lat' dir='ltr'><em>nos</em></span> <span class='ocrx_word' id='word_1_187' title='bbox 1031 3573 1069 3634; x_wconf 88' lang='lat' dir='ltr'><em>ab</em></span> <span class='ocrx_word' id='word_1_188' title='bbox 1089 3574 1176 3635; x_wconf 91' lang='lat' dir='ltr'><em>omni</em></span> <span class='ocrx_word' id='word_1_189' title='bbox 1200 3575 1316 3654; x_wconf 88' lang='lat' dir='ltr'><em>peccati</em></span> <span class='ocrx_word' id='word_1_190' title='bbox 1345 3577 1511 3657; x_wconf 69' lang='lat' dir='ltr'><em>speciano</em></span> <span class='ocrx_word' id='word_1_191' title='bbox 1533 3580 1628 3641; x_wconf 88' lang='lat' dir='ltr'><em>veluti</em></span> 
     </span>
     <span class='ocr_line' id='line_1_22' title="bbox 40 3665 1629 3750; baseline 0.002 -20"><span class='ocrx_word' id='word_1_192' title='bbox 40 3670 204 3750; x_wconf 80' lang='lat' dir='ltr'><em>ancipitem</em></span> <span class='ocrx_word' id='word_1_193' title='bbox 228 3688 264 3730; x_wconf 89' lang='lat' dir='ltr'><em>ac</em></span> <span class='ocrx_word' id='word_1_194' title='bbox 277 3667 373 3728; x_wconf 84' lang='lat' dir='ltr'><em>veluti</em></span> <span class='ocrx_word' id='word_1_195' title='bbox 396 3685 579 3746; x_wconf 91' lang='lat' dir='ltr'><em>suspensum</em></span> <span class='ocrx_word' id='word_1_196' title='bbox 603 3669 743 3729; x_wconf 91' lang='lat' dir='ltr'><em>animum</em></span> <span class='ocrx_word' id='word_1_197' title='bbox 763 3674 809 3728; x_wconf 86' lang='lat' dir='ltr'><em>te·</em></span> <span class='ocrx_word' id='word_1_198' title='bbox 858 3665 970 3727; x_wconf 91' lang='lat' dir='ltr'><em>umbra</em></span> <span class='ocrx_word' id='word_1_199' title='bbox 994 3666 1119 3746; x_wconf 78' lang='lat' dir='ltr'><em>longius</em></span> <span class='ocrx_word' id='word_1_200' title='bbox 1144 3671 1293 3728; x_wconf 87' lang='lat' dir='ltr'><em>removet.</em></span> <span class='ocrx_word' id='word_1_201' title='bbox 1317 3668 1522 3742; x_wconf 85' lang='lat' dir='ltr'><em>Quamobrem</em></span> <span class='ocrx_word' id='word_1_202' title='bbox 1547 3671 1629 3733; x_wconf 90' lang='lat' dir='ltr'><em>inter</em></span> 
     </span>
     <span class='ocr_line' id='line_1_23' title="bbox 41 3757 1629 3841; baseline 0.003 -21"><span class='ocrx_word' id='word_1_203' title='bbox 41 3767 128 3822; x_wconf 89' lang='lat' dir='ltr'><em>neat:</em></span> <span class='ocrx_word' id='word_1_204' title='bbox 171 3760 280 3841; x_wconf 91' lang='lat' dir='ltr'><em>opinio</em></span> <span class='ocrx_word' id='word_1_205' title='bbox 307 3777 381 3821; x_wconf 85' lang='lat' dir='ltr'><em>vero</em></span> <span class='ocrx_word' id='word_1_206' title='bbox 411 3759 649 3820; x_wconf 87' lang='lat' dir='ltr'><em>determinatum</em></span> <span class='ocrx_word' id='word_1_207' title='bbox 680 3759 810 3840; x_wconf 86' lang='lat' dir='ltr'><em>alicujus</em></span> <span class='ocrx_word' id='word_1_208' title='bbox 858 3759 1020 3838; x_wconf 91' lang='lat' dir='ltr'><em>opiniones</em></span> <span class='ocrx_word' id='word_1_209' title='bbox 1030 3759 1257 3837; x_wconf 87' lang='lat' dir='ltr'><em>duas‚quarum</em></span> <span class='ocrx_word' id='word_1_210' title='bbox 1270 3757 1629 3838; x_wconf 83' lang='lat' dir='ltr'><em>alteraaiiirmat,altera</em></span> 
     </span>
     <span class='ocr_line' id='line_1_24' title="bbox 39 3850 1629 3934; baseline 0.001 -19"><span class='ocrx_word' id='word_1_211' title='bbox 39 3854 129 3932; x_wconf 73' lang='lat' dir='ltr'><em>parus</em></span> <span class='ocrx_word' id='word_1_212' title='bbox 148 3870 313 3915; x_wconf 87' lang='lat' dir='ltr'><em>assensum</em></span> <span class='ocrx_word' id='word_1_213' title='bbox 334 3850 481 3927; x_wconf 84' lang='lat' dir='ltr'><em>includat,</em></span> <span class='ocrx_word' id='word_1_214' title='bbox 510 3852 564 3912; x_wconf 90' lang='lat' dir='ltr'><em>sed</em></span> <span class='ocrx_word' id='word_1_215' title='bbox 585 3869 658 3912; x_wconf 89' lang='lat' dir='ltr'><em>cum</em></span> <span class='ocrx_word' id='word_1_216' title='bbox 685 3851 809 3913; x_wconf 89' lang='lat' dir='ltr'><em>alterius</em></span> <span class='ocrx_word' id='word_1_217' title='bbox 858 3854 966 3930; x_wconf 83' lang='lat' dir='ltr'><em>negat,</em></span> <span class='ocrx_word' id='word_1_218' title='bbox 992 3856 1153 3930; x_wconf 90' lang='lat' dir='ltr'><em>peccatum</em></span> <span class='ocrx_word' id='word_1_219' title='bbox 1166 3868 1231 3911; x_wconf 87' lang='lat' dir='ltr'><em>esse</em></span> <span class='ocrx_word' id='word_1_220' title='bbox 1244 3850 1362 3929; x_wconf 90' lang='lat' dir='ltr'><em>aliquid</em></span> <span class='ocrx_word' id='word_1_221' title='bbox 1375 3869 1487 3931; x_wconf 84' lang='lat' dir='ltr'><em>agere,</em></span> <span class='ocrx_word' id='word_1_222' title='bbox 1507 3872 1629 3934; x_wconf 86' lang='lat' dir='ltr'><em>semper</em></span> 
     </span>
     <span class='ocr_line' id='line_1_25' title="bbox 40 3942 1629 4024; baseline 0.003 -21"><span class='ocrx_word' id='word_1_223' title='bbox 40 3943 202 4006; x_wconf 80' lang='lat' dir='ltr'><em>lomudine</em></span> <span class='ocrx_word' id='word_1_224' title='bbox 212 3945 426 4023; x_wconf 87' lang='lat' dir='ltr'><em>conjunctum.</em></span> <span class='ocrx_word' id='word_1_225' title='bbox 438 3948 473 4004; x_wconf 90' lang='lat' dir='ltr'><em>ut</em></span> <span class='ocrx_word' id='word_1_226' title='bbox 486 3942 531 4003; x_wconf 91' lang='lat' dir='ltr'><em>ait</em></span> <span class='ocrx_word' id='word_1_227' title='bbox 545 3943 576 4004; x_wconf 88' lang='lat' dir='ltr'><em>S.</em></span> <span class='ocrx_word' id='word_1_228' title='bbox 591 3943 725 4004; x_wconf 86' lang='lat' dir='ltr'><em>Thomas</em></span> <span class='ocrx_word' id='word_1_229' title='bbox 737 3960 759 4003; x_wconf 92' lang='lat'><em>1.</em></span> <span class='ocrx_word' id='word_1_230' title='bbox 776 3963 807 4024; x_wconf 90' lang='lat' dir='ltr'><em>p.</em></span> <span class='ocrx_word' id='word_1_231' title='bbox 858 3942 1016 4003; x_wconf 88' lang='lat' dir='ltr'><em>affirmans</em></span> <span class='ocrx_word' id='word_1_232' title='bbox 1036 3948 1082 4003; x_wconf 89' lang='lat' dir='ltr'><em>est</em></span> <span class='ocrx_word' id='word_1_233' title='bbox 1100 3942 1218 4018; x_wconf 88' lang='lat' dir='ltr'><em>tutior;</em></span> <span class='ocrx_word' id='word_1_234' title='bbox 1248 3959 1321 4003; x_wconf 91' lang='lat' dir='ltr'><em>cum</em></span> <span class='ocrx_word' id='word_1_235' title='bbox 1347 3943 1508 4006; x_wconf 89' lang='lat' dir='ltr'><em>hominem</em></span> <span class='ocrx_word' id='word_1_236' title='bbox 1531 3965 1563 4007; x_wconf 90' lang='lat' dir='ltr'><em>se</em></span> <span class='ocrx_word' id='word_1_237' title='bbox 1583 3947 1629 4008; x_wconf 92' lang='lat' dir='ltr'><em>illi</em></span> 
     </span>
     <span class='ocr_line' id='line_1_26' title="bbox 38 4033 1629 4116; baseline 0.001 -18"><span class='ocrx_word' id='word_1_238' title='bbox 38 4055 66 4116; x_wconf 89' lang='lat' dir='ltr'><em>q.</em></span> <span class='ocrx_word' id='word_1_239' title='bbox 87 4039 138 4099; x_wconf 81' lang='lat'><em>79.</em></span> <span class='ocrx_word' id='word_1_240' title='bbox 156 4042 216 4097; x_wconf 81' lang='lat' dir='ltr'><em>ari.</em></span> <span class='ocrx_word' id='word_1_241' title='bbox 232 4039 263 4098; x_wconf 82' lang='lat' dir='ltr'><em>e.</em></span> <span class='ocrx_word' id='word_1_242' title='bbox 280 4035 319 4096; x_wconf 90' lang='lat' dir='ltr'><em>ad</em></span> <span class='ocrx_word' id='word_1_243' title='bbox 333 4037 364 4095; x_wconf 82' lang='lat' dir='ltr'><em>l.</em></span> <span class='ocrx_word' id='word_1_244' title='bbox 379 4035 504 4096; x_wconf 88' lang='lat' dir='ltr'><em>Certum</em></span> <span class='ocrx_word' id='word_1_245' title='bbox 522 4039 568 4095; x_wconf 88' lang='lat' dir='ltr'><em>est</em></span> <span class='ocrx_word' id='word_1_246' title='bbox 581 4039 696 4110; x_wconf 84' lang='lat' dir='ltr'><em>autem,</em></span> <span class='ocrx_word' id='word_1_247' title='bbox 717 4053 808 4114; x_wconf 91' lang='lat' dir='ltr'><em>eum,</em></span> <span class='ocrx_word' id='word_1_248' title='bbox 859 4033 1122 4108; x_wconf 72' lang='lat' dir='ltr'><em>commodantem,</em></span> <span class='ocrx_word' id='word_1_249' title='bbox 1131 4040 1162 4094; x_wconf 93' lang='lat' dir='ltr'><em>et</em></span> <span class='ocrx_word' id='word_1_250' title='bbox 1170 4033 1210 4094; x_wconf 88' lang='lat' dir='ltr'><em>ab</em></span> <span class='ocrx_word' id='word_1_251' title='bbox 1220 4052 1325 4112; x_wconf 78' lang='lat' dir='ltr'><em>opere,</em></span> <span class='ocrx_word' id='word_1_252' title='bbox 1341 4035 1424 4114; x_wconf 90' lang='lat' dir='ltr'><em>quod</em></span> <span class='ocrx_word' id='word_1_253' title='bbox 1438 4037 1565 4098; x_wconf 86' lang='lat' dir='ltr'><em>damant</em></span> <span class='ocrx_word' id='word_1_254' title='bbox 1578 4038 1629 4100; x_wconf 82' lang='lat' dir='ltr'><em>ab</em></span> 
     </span>
     <span class='ocr_line' id='line_1_27' title="bbox 38 4125 1630 4208; baseline 0.001 -18"><span class='ocrx_word' id='word_1_255' title='bbox 38 4129 88 4206; x_wconf 90' lang='lat' dir='ltr'><em>qui</em></span> <span class='ocrx_word' id='word_1_256' title='bbox 101 4129 225 4208; x_wconf 87' lang='lat' dir='ltr'><em>aliquid</em></span> <span class='ocrx_word' id='word_1_257' title='bbox 247 4128 311 4203; x_wconf 82' lang='lat' dir='ltr'><em>agit</em></span> <span class='ocrx_word' id='word_1_258' title='bbox 324 4127 457 4207; x_wconf 89' lang='lat' dir='ltr'><em>proprie,</em></span> <span class='ocrx_word' id='word_1_259' title='bbox 477 4132 507 4187; x_wconf 89' lang='lat' dir='ltr'><em>et</em></span> <span class='ocrx_word' id='word_1_260' title='bbox 531 4127 633 4188; x_wconf 86' lang='lat' dir='ltr'><em>stricte</em></span> <span class='ocrx_word' id='word_1_261' title='bbox 654 4127 809 4208; x_wconf 89' lang='lat' dir='ltr'><em>loquendo</em></span> <span class='ocrx_word' id='word_1_262' title='bbox 860 4127 1040 4201; x_wconf 87' lang='lat' dir='ltr'><em>stinentem,</em></span> <span class='ocrx_word' id='word_1_263' title='bbox 1067 4126 1146 4186; x_wconf 84' lang='lat' dir='ltr'><em>nussi</em></span> <span class='ocrx_word' id='word_1_264' title='bbox 1166 4125 1273 4205; x_wconf 88' lang='lat' dir='ltr'><em>plane,</em></span> <span class='ocrx_word' id='word_1_265' title='bbox 1304 4145 1340 4187; x_wconf 90' lang='lat' dir='ltr'><em>ac</em></span> <span class='ocrx_word' id='word_1_266' title='bbox 1365 4144 1406 4188; x_wconf 90' lang='lat' dir='ltr'><em>ne</em></span> <span class='ocrx_word' id='word_1_267' title='bbox 1429 4129 1630 4192; x_wconf 82' lang='lat' dir='ltr'><em>materialiter</em></span> 
     </span>
     <span class='ocr_line' id='line_1_28' title="bbox 37 4218 1630 4299; baseline 0.001 -17"><span class='ocrx_word' id='word_1_268' title='bbox 37 4219 194 4296; x_wconf 87' lang='lat' dir='ltr'><em>dubitans,</em></span> <span class='ocrx_word' id='word_1_269' title='bbox 216 4221 255 4280; x_wconf 89' lang='lat' dir='ltr'><em>sit</em></span> <span class='ocrx_word' id='word_1_270' title='bbox 268 4239 308 4280; x_wconf 89' lang='lat' dir='ltr'><em>ne</em></span> <span class='ocrx_word' id='word_1_271' title='bbox 321 4224 494 4299; x_wconf 85' lang='lat' dir='ltr'><em>peecatum,</em></span> <span class='ocrx_word' id='word_1_272' title='bbox 510 4237 552 4279; x_wconf 87' lang='lat' dir='ltr'><em>an</em></span> <span class='ocrx_word' id='word_1_273' title='bbox 565 4237 639 4287; x_wconf 90' lang='lat' dir='ltr'><em>non,</em></span> <span class='ocrx_word' id='word_1_274' title='bbox 657 4237 729 4280; x_wconf 81' lang='lat' dir='ltr'><em>vere</em></span> <span class='ocrx_word' id='word_1_275' title='bbox 742 4239 811 4299; x_wconf 92' lang='lat' dir='ltr'><em>pec·</em></span> <span class='ocrx_word' id='word_1_276' title='bbox 860 4218 987 4298; x_wconf 90' lang='lat' dir='ltr'><em>quidem</em></span> <span class='ocrx_word' id='word_1_277' title='bbox 1005 4219 1154 4298; x_wconf 88' lang='lat' dir='ltr'><em>peccandi</em></span> <span class='ocrx_word' id='word_1_278' title='bbox 1172 4218 1309 4299; x_wconf 88' lang='lat' dir='ltr'><em>periculo</em></span> <span class='ocrx_word' id='word_1_279' title='bbox 1328 4225 1485 4298; x_wconf 85' lang='lat' dir='ltr'><em>exponat:</em></span> <span class='ocrx_word' id='word_1_280' title='bbox 1514 4227 1547 4282; x_wconf 87' lang='lat' dir='ltr'><em>at</em></span> <span class='ocrx_word' id='word_1_281' title='bbox 1565 4241 1630 4284; x_wconf 92' lang='lat' dir='ltr'><em>non</em></span> 
     </span>
     <span class='ocr_line' id='line_1_29' title="bbox 36 4309 1631 4391; baseline 0.001 -16"><span class='ocrx_word' id='word_1_282' title='bbox 36 4331 115 4375; x_wconf 86' lang='lat' dir='ltr'><em>care.</em></span> <span class='ocrx_word' id='word_1_283' title='bbox 131 4313 224 4387; x_wconf 90' lang='lat' dir='ltr'><em>Quod</em></span> <span class='ocrx_word' id='word_1_284' title='bbox 238 4312 424 4374; x_wconf 87' lang='lat' dir='ltr'><em>recentiores</em></span> <span class='ocrx_word' id='word_1_285' title='bbox 445 4311 509 4372; x_wconf 89' lang='lat' dir='ltr'><em>lere</em></span> <span class='ocrx_word' id='word_1_286' title='bbox 530 4328 638 4372; x_wconf 88' lang='lat' dir='ltr'><em>omnes</em></span> <span class='ocrx_word' id='word_1_287' title='bbox 651 4317 720 4391; x_wconf 90' lang='lat' dir='ltr'><em>post</em></span> <span class='ocrx_word' id='word_1_288' title='bbox 736 4312 811 4372; x_wconf 87' lang='lat' dir='ltr'><em>Sua·</em></span> <span class='ocrx_word' id='word_1_289' title='bbox 859 4328 981 4390; x_wconf 88' lang='lat' dir='ltr'><em>semper</em></span> <span class='ocrx_word' id='word_1_290' title='bbox 1003 4315 1049 4371; x_wconf 89' lang='lat' dir='ltr'><em>est</em></span> <span class='ocrx_word' id='word_1_291' title='bbox 1073 4309 1291 4390; x_wconf 88' lang='lat' dir='ltr'><em>probabilior;</em></span> <span class='ocrx_word' id='word_1_292' title='bbox 1326 4329 1397 4372; x_wconf 90' lang='lat' dir='ltr'><em>oum</em></span> <span class='ocrx_word' id='word_1_293' title='bbox 1429 4311 1631 4376; x_wconf 88' lang='lat' dir='ltr'><em>debilioribus</em></span> 
     </span>
     <span class='ocr_line' id='line_1_30' title="bbox 33 4401 1631 4484; baseline 0.002 -18"><span class='ocrx_word' id='word_1_294' title='bbox 33 4422 83 4468; x_wconf 86' lang='lat' dir='ltr'><em>rez</em></span> <span class='ocrx_word' id='word_1_295' title='bbox 106 4411 150 4466; x_wconf 88' lang='lat' dir='ltr'><em>ir.</em></span> <span class='ocrx_word' id='word_1_296' title='bbox 170 4407 191 4466; x_wconf 90' lang='grc'>3</span> <span class='ocrx_word' id='word_1_297' title='bbox 207 4405 240 4464; x_wconf 86' lang='lat' dir='ltr'><em>in</em></span> <span class='ocrx_word' id='word_1_298' title='bbox 254 4421 274 4464; x_wconf 93' lang='lat'><em>1.</em></span> <span class='ocrx_word' id='word_1_299' title='bbox 293 4409 322 4464; x_wconf 83' lang='lat'><em>2.</em></span> <span class='ocrx_word' id='word_1_300' title='bbox 337 4404 418 4483; x_wconf 85' lang='lat' dir='ltr'><em>disp.</em></span> <span class='ocrx_word' id='word_1_301' title='bbox 436 4405 485 4464; x_wconf 74' lang='lat' dir='ltr'><em>la.</em></span> <span class='ocrx_word' id='word_1_302' title='bbox 504 4407 574 4463; x_wconf 83' lang='lat' dir='ltr'><em>sect.</em></span> <span class='ocrx_word' id='word_1_303' title='bbox 593 4408 621 4462; x_wconf 88' lang='lat'><em>5.</em></span> <span class='ocrx_word' id='word_1_304' title='bbox 639 4421 668 4466; x_wconf 87' lang='lat' dir='ltr'><em>n.</em></span> <span class='ocrx_word' id='word_1_305' title='bbox 687 4407 716 4464; x_wconf 73' lang='lat'><em>2.</em></span> <span class='ocrx_word' id='word_1_306' title='bbox 738 4423 810 4484; x_wconf 91' lang='lat' dir='ltr'><em>pro·</em></span> <span class='ocrx_word' id='word_1_307' title='bbox 860 4403 1046 4482; x_wconf 83' lang='lat' dir='ltr'><em>quandoque</em></span> <span class='ocrx_word' id='word_1_308' title='bbox 1060 4401 1400 4464; x_wconf 86' lang='lat' dir='ltr'><em>fundamentisnitatur.</em></span> <span class='ocrx_word' id='word_1_309' title='bbox 1416 4405 1540 4467; x_wconf 86' lang='lat' dir='ltr'><em>Pridem</em></span> <span class='ocrx_word' id='word_1_310' title='bbox 1548 4406 1631 4469; x_wconf 90' lang='lat' dir='ltr'><em>istud</em></span> 
     </span>
     <span class='ocr_line' id='line_1_31' title="bbox 34 4493 1629 4576; baseline 0 -20"><span class='ocrx_word' id='word_1_311' title='bbox 34 4497 121 4575; x_wconf 85' lang='lat' dir='ltr'><em>bant,</em></span> <span class='ocrx_word' id='word_1_312' title='bbox 137 4503 210 4557; x_wconf 87' lang='lat' dir='ltr'><em>tum</em></span> <span class='ocrx_word' id='word_1_313' title='bbox 225 4515 263 4557; x_wconf 84' lang='lat' dir='ltr'><em>ex</em></span> <span class='ocrx_word' id='word_1_314' title='bbox 273 4496 326 4557; x_wconf 90' lang='lat' dir='ltr'><em>illa</em></span> <span class='ocrx_word' id='word_1_315' title='bbox 343 4495 422 4574; x_wconf 90' lang='lat' dir='ltr'><em>juris</em></span> <span class='ocrx_word' id='word_1_316' title='bbox 435 4495 565 4570; x_wconf 80' lang='lat' dir='ltr'><em>regida:</em></span> <span class='ocrx_word' id='word_1_317' title='bbox 589 4495 628 4556; x_wconf 92' lang='lat' dir='ltr'><em>ln</em></span> <span class='ocrx_word' id='word_1_318' title='bbox 646 4496 748 4556; x_wconf 84' lang='lat' dir='ltr'><em>dubiis</em></span> <span class='ocrx_word' id='word_1_319' title='bbox 763 4501 811 4558; x_wconf 87' lang='lat' dir='ltr'><em>tn·</em></span> <span class='ocrx_word' id='word_1_320' title='bbox 860 4494 1077 4555; x_wconf 87' lang='lat' dir='ltr'><em>animadvertit</em></span> <span class='ocrx_word' id='word_1_321' title='bbox 1099 4495 1131 4555; x_wconf 88' lang='lat' dir='ltr'><em>S.</em></span> <span class='ocrx_word' id='word_1_322' title='bbox 1156 4493 1309 4555; x_wconf 81' lang='lat' dir='ltr'><em>Antonius</em></span> <span class='ocrx_word' id='word_1_323' title='bbox 1324 4511 1345 4555; x_wconf 91' lang='lat'><em>1.</em></span> <span class='ocrx_word' id='word_1_324' title='bbox 1362 4513 1394 4576; x_wconf 93' lang='lat' dir='ltr'><em>p.</em></span> <span class='ocrx_word' id='word_1_325' title='bbox 1413 4495 1461 4558; x_wconf 92' lang='lat' dir='ltr'><em>tit.</em></span> <span class='ocrx_word' id='word_1_326' title='bbox 1481 4503 1511 4562; x_wconf 87' lang='lat'><em>3.</em></span> <span class='ocrx_word' id='word_1_327' title='bbox 1535 4517 1563 4560; x_wconf 89' lang='lat' dir='ltr'><em>o.</em></span> <span class='ocrx_word' id='word_1_328' title='bbox 1579 4503 1629 4561; x_wconf 84' lang='lat' dir='ltr'><em>lo.</em></span> 
     </span>
     <span class='ocr_line' id='line_1_32' title="bbox 35 4586 1632 4670; baseline 0.002 -20"><span class='ocrx_word' id='word_1_329' title='bbox 35 4594 96 4651; x_wconf 89' lang='lat' dir='ltr'><em>lior</em></span> <span class='ocrx_word' id='word_1_330' title='bbox 105 4607 188 4670; x_wconf 84' lang='lat' dir='ltr'><em>pars</em></span> <span class='ocrx_word' id='word_1_331' title='bbox 210 4595 253 4649; x_wconf 83' lang='lat' dir='ltr'><em>est</em></span> <span class='ocrx_word' id='word_1_332' title='bbox 271 4589 438 4667; x_wconf 74' lang='lat' dir='ltr'><em>elipando:</em></span> <span class='ocrx_word' id='word_1_333' title='bbox 460 4592 529 4647; x_wconf 90' lang='lat' dir='ltr'><em>tum</em></span> <span class='ocrx_word' id='word_1_334' title='bbox 542 4587 600 4647; x_wconf 89' lang='lat' dir='ltr'><em>hac</em></span> <span class='ocrx_word' id='word_1_335' title='bbox 613 4588 742 4664; x_wconf 84' lang='lat' dir='ltr'><em>ratione,</em></span> <span class='ocrx_word' id='word_1_336' title='bbox 758 4592 811 4668; x_wconf 85' lang='lat' dir='ltr'><em>qni</em></span> <span class='ocrx_word' id='word_1_337' title='bbox 860 4587 888 4665; x_wconf 63' lang='grc' dir='ltr'><em>ἓ.</em></span> <span class='ocrx_word' id='word_1_338' title='bbox 920 4588 969 4647; x_wconf 82' lang='lat' dir='ltr'><em>lt).</em></span> <span class='ocrx_word' id='word_1_339' title='bbox 1002 4603 1076 4647; x_wconf 91' lang='lat' dir='ltr'><em>nam</em></span> <span class='ocrx_word' id='word_1_340' title='bbox 1105 4586 1264 4665; x_wconf 88' lang='lat' dir='ltr'><em>explicatis</em></span> <span class='ocrx_word' id='word_1_341' title='bbox 1298 4586 1499 4667; x_wconf 90' lang='lat' dir='ltr'><em>opinionibus</em></span> <span class='ocrx_word' id='word_1_342' title='bbox 1527 4591 1632 4653; x_wconf 85' lang='lat' dir='ltr'><em>Sancti</em></span> 
     </span>
     <span class='ocr_line' id='line_1_33' title="bbox 33 4677 1632 4762; baseline 0.002 -19"><span class='ocrx_word' id='word_1_343' title='bbox 33 4687 188 4762; x_wconf 77' lang='lat' dir='ltr'><em>operoim</em></span> <span class='ocrx_word' id='word_1_344' title='bbox 210 4699 278 4742; x_wconf 78' lang='lat' dir='ltr'><em>nim</em></span> <span class='ocrx_word' id='word_1_345' title='bbox 299 4681 356 4742; x_wconf 89' lang='lat' dir='ltr'><em>toli</em></span> <span class='ocrx_word' id='word_1_346' title='bbox 372 4679 465 4740; x_wconf 88' lang='lat' dir='ltr'><em>dnbio</em></span> <span class='ocrx_word' id='word_1_347' title='bbox 486 4679 614 4759; x_wconf 73' lang='lat' dir='ltr'><em>exponit</em></span> <span class='ocrx_word' id='word_1_348' title='bbox 630 4697 659 4740; x_wconf 86' lang='lat' dir='ltr'><em>se</em></span> <span class='ocrx_word' id='word_1_349' title='bbox 673 4680 811 4759; x_wconf 83' lang='lat' dir='ltr'><em>periculo</em></span> <span class='ocrx_word' id='word_1_350' title='bbox 860 4679 988 4739; x_wconf 83' lang='lat' dir='ltr'><em>Thomas</em></span> <span class='ocrx_word' id='word_1_351' title='bbox 1017 4677 1178 4758; x_wconf 85' lang='lat' dir='ltr'><em>negantis,</em></span> <span class='ocrx_word' id='word_1_352' title='bbox 1213 4682 1244 4738; x_wconf 87' lang='lat' dir='ltr'><em>ct</em></span> <span class='ocrx_word' id='word_1_353' title='bbox 1274 4679 1378 4740; x_wconf 88' lang='lat' dir='ltr'><em>Sancti</em></span> <span class='ocrx_word' id='word_1_354' title='bbox 1407 4681 1632 4746; x_wconf 72' lang='grc' dir='ltr'><strong>Βοιιιιιιιιιιιιιιω</strong></span> 
     </span>
     <span class='ocr_line' id='line_1_34' title="bbox 27 4769 1633 4854; baseline 0.001 -18"><span class='ocrx_word' id='word_1_355' title='bbox 27 4775 198 4854; x_wconf 82' lang='lat' dir='ltr'><em>peccandi.</em></span> <span class='ocrx_word' id='word_1_356' title='bbox 861 4770 1043 4832; x_wconf 86' lang='lat' dir='ltr'><em>affirmantis</em></span> <span class='ocrx_word' id='word_1_357' title='bbox 1051 4776 1124 4851; x_wconf 82' lang='lat' dir='ltr'><em>post</em></span> <span class='ocrx_word' id='word_1_358' title='bbox 1139 4769 1259 4849; x_wconf 87' lang='lat' dir='ltr'><em>lopsnm</em></span> <span class='ocrx_word' id='word_1_359' title='bbox 1270 4774 1303 4831; x_wconf 88' lang='lat' dir='ltr'><em>in</em></span> <span class='ocrx_word' id='word_1_360' title='bbox 1317 4773 1447 4834; x_wconf 86' lang='lat' dir='ltr'><em>mortale</em></span> <span class='ocrx_word' id='word_1_361' title='bbox 1462 4779 1558 4837; x_wconf 85' lang='lat' dir='ltr'><em>teneri</em></span> <span class='ocrx_word' id='word_1_362' title='bbox 1573 4777 1633 4838; x_wconf 85' lang='lat' dir='ltr'><em>oli-</em></span> 
     </span>
     <span class='ocr_line' id='line_1_35' title="bbox 72 4861 1632 4945; baseline 0.001 -16"><span class='ocrx_word' id='word_1_363' title='bbox 72 4865 260 4929; x_wconf 84' lang='lat' dir='ltr'><em>Notandum</em></span> <span class='ocrx_word' id='word_1_364' title='bbox 282 4864 437 4941; x_wconf 88' lang='lat' dir='ltr'><em>secundo,</em></span> <span class='ocrx_word' id='word_1_365' title='bbox 464 4863 668 4943; x_wconf 84' lang='lat' dir='ltr'><em>quaestionem</em></span> <span class='ocrx_word' id='word_1_366' title='bbox 688 4881 754 4926; x_wconf 91' lang='lat' dir='ltr'><em>esse</em></span> <span class='ocrx_word' id='word_1_367' title='bbox 773 4864 811 4926; x_wconf 88' lang='lat' dir='ltr'><em>de</em></span> <span class='ocrx_word' id='word_1_368' title='bbox 861 4879 948 4943; x_wconf 80' lang='lat' dir='ltr'><em>quent</em></span> <span class='ocrx_word' id='word_1_369' title='bbox 970 4867 1073 4924; x_wconf 82' lang='lat' dir='ltr'><em>statim</em></span> <span class='ocrx_word' id='word_1_370' title='bbox 1095 4861 1233 4944; x_wconf 77' lang='lat' dir='ltr'><em>confiteri</em></span> <span class='ocrx_word' id='word_1_371' title='bbox 1256 4863 1310 4924; x_wconf 82' lang='lat' dir='ltr'><em>rub</em></span> <span class='ocrx_word' id='word_1_372' title='bbox 1331 4869 1498 4945; x_wconf 77' lang='lat' dir='ltr'><em>precepto,</em></span> <span class='ocrx_word' id='word_1_373' title='bbox 1528 4867 1632 4932; x_wconf 84' lang='lat' dir='ltr'><em>bobito</em></span> 
     </span>
     <span class='ocr_line' id='line_1_36' title="bbox 31 4953 1633 5039; baseline 0.002 -19"><span class='ocrx_word' id='word_1_374' title='bbox 31 4957 252 5039; x_wconf 82' lang='lat' dir='ltr'><em>opinionibus,</em></span> <span class='ocrx_word' id='word_1_375' title='bbox 273 4975 344 5036; x_wconf 81' lang='lat' dir='ltr'><em>quoe</em></span> <span class='ocrx_word' id='word_1_376' title='bbox 357 4956 420 5016; x_wconf 91' lang='lat' dir='ltr'><em>siat</em></span> <span class='ocrx_word' id='word_1_377' title='bbox 436 4975 508 5018; x_wconf 81' lang='lat' dir='ltr'><em>rere</em></span> <span class='ocrx_word' id='word_1_378' title='bbox 526 4955 709 5037; x_wconf 88' lang='lat' dir='ltr'><em>probabiles.</em></span> <span class='ocrx_word' id='word_1_379' title='bbox 734 4956 812 5018; x_wconf 77' lang='lat' dir='ltr'><em>Dua</em></span> <span class='ocrx_word' id='word_1_380' title='bbox 861 4959 951 5034; x_wconf 85' lang='lat' dir='ltr'><em>copia</em></span> <span class='ocrx_word' id='word_1_381' title='bbox 970 4954 1178 5033; x_wconf 79' lang='lat' dir='ltr'><em>Confessoris;</em></span> <span class='ocrx_word' id='word_1_382' title='bbox 1199 4953 1331 5032; x_wconf 78' lang='lat' dir='ltr'><em>signicat</em></span> <span class='ocrx_word' id='word_1_383' title='bbox 1352 4961 1540 5035; x_wconf 89' lang='lat' dir='ltr'><em>postremam</em></span> <span class='ocrx_word' id='word_1_384' title='bbox 1567 4979 1633 5023; x_wconf 88' lang='lat' dir='ltr'><em>esse</em></span> 
     </span>
     <span class='ocr_line' id='line_1_37' title="bbox 31 5046 1633 5128; baseline 0.002 -18"><span class='ocrx_word' id='word_1_385' title='bbox 31 5070 109 5112; x_wconf 85' lang='lat' dir='ltr'><em>vero</em></span> <span class='ocrx_word' id='word_1_386' title='bbox 128 5049 324 5112; x_wconf 89' lang='lat' dir='ltr'><em>conditiones</em></span> <span class='ocrx_word' id='word_1_387' title='bbox 336 5049 376 5109; x_wconf 88' lang='lat' dir='ltr'><em>ad</em></span> <span class='ocrx_word' id='word_1_388' title='bbox 392 5049 617 5110; x_wconf 88' lang='lat' dir='ltr'><em>conciliandam</em></span> <span class='ocrx_word' id='word_1_389' title='bbox 631 5049 723 5110; x_wconf 87' lang='lat' dir='ltr'><em>alicui</em></span> <span class='ocrx_word' id='word_1_390' title='bbox 744 5050 811 5128; x_wconf 92' lang='lat' dir='ltr'><em>opi·</em></span> <span class='ocrx_word' id='word_1_391' title='bbox 860 5047 1019 5123; x_wconf 87' lang='lat' dir='ltr'><em>tutiorem,</em></span> <span class='ocrx_word' id='word_1_392' title='bbox 1032 5046 1161 5108; x_wconf 89' lang='lat' dir='ltr'><em>alteram</em></span> <span class='ocrx_word' id='word_1_393' title='bbox 1180 5063 1254 5106; x_wconf 83' lang='lat' dir='ltr'><em>vero</em></span> <span class='ocrx_word' id='word_1_394' title='bbox 1271 5046 1526 5128; x_wconf 88' lang='lat' dir='ltr'><em>probabiliorem:</em></span> <span class='ocrx_word' id='word_1_395' title='bbox 1541 5051 1633 5116; x_wconf 83' lang='lat' dir='ltr'><em>Beati</em></span> 
     </span>
     <span class='ocr_line' id='line_1_38' title="bbox 31 5138 1630 5226; baseline 0.001 -22"><span class='ocrx_word' id='word_1_396' title='bbox 31 5143 128 5205; x_wconf 88' lang='lat' dir='ltr'><em>aioni</em></span> <span class='ocrx_word' id='word_1_397' title='bbox 143 5140 394 5222; x_wconf 88' lang='lat' dir='ltr'><em>probabilitatem</em></span> <span class='ocrx_word' id='word_1_398' title='bbox 408 5139 621 5221; x_wconf 88' lang='lat' dir='ltr'><em>requiruntur.</em></span> <span class='ocrx_word' id='word_1_399' title='bbox 637 5141 740 5201; x_wconf 90' lang='lat' dir='ltr'><em>Prima</em></span> <span class='ocrx_word' id='word_1_400' title='bbox 753 5146 810 5216; x_wconf 90' lang='lat' dir='ltr'><em>est,</em></span> <span class='ocrx_word' id='word_1_401' title='bbox 863 5139 984 5200; x_wconf 86' lang='lat' dir='ltr'><em>Tbomoe</em></span> <span class='ocrx_word' id='word_1_402' title='bbox 998 5138 1117 5218; x_wconf 77' lang='lat' dir='ltr'><em>opinio,</em></span> <span class='ocrx_word' id='word_1_403' title='bbox 1141 5138 1261 5218; x_wconf 90' lang='lat' dir='ltr'><em>inquit,</em></span> <span class='ocrx_word' id='word_1_404' title='bbox 1284 5141 1471 5203; x_wconf 77' lang='lat' dir='ltr'><em>communitis</em></span> <span class='ocrx_word' id='word_1_405' title='bbox 1491 5148 1630 5226; x_wconf 84' lang='lat' dir='ltr'><em>tenetur,</em></span> 
     </span>
     <span class='ocr_line' id='line_1_39' title="bbox 31 5227 1377 5313; baseline -0.003 -17"><span class='ocrx_word' id='word_1_406' title='bbox 31 5241 69 5296; x_wconf 90' lang='lat' dir='ltr'><em>ut</em></span> <span class='ocrx_word' id='word_1_407' title='bbox 82 5233 174 5296; x_wconf 84' lang='lat' dir='ltr'><em>nihil</em></span> <span class='ocrx_word' id='word_1_408' title='bbox 186 5238 382 5308; x_wconf 82' lang='lat' dir='ltr'><em>contrusam,</em></span> <span class='ocrx_word' id='word_1_409' title='bbox 397 5233 523 5312; x_wconf 88' lang='lat' dir='ltr'><em>sivepro</em></span> <span class='ocrx_word' id='word_1_410' title='bbox 536 5233 676 5313; x_wconf 90' lang='lat' dir='ltr'><em>opposita</em></span> <span class='ocrx_word' id='word_1_411' title='bbox 689 5233 729 5292; x_wconf 91' lang='lat' dir='ltr'><em>sit</em></span> <span class='ocrx_word' id='word_1_412' title='bbox 741 5251 813 5294; x_wconf 87' lang='lat' dir='ltr'><em>eon·</em></span> <span class='ocrx_word' id='word_1_413' title='bbox 862 5249 925 5311; x_wconf 76' lang='lat' dir='ltr'><em>qna</em></span> <span class='ocrx_word' id='word_1_414' title='bbox 940 5235 1040 5292; x_wconf 86' lang='lat' dir='ltr'><em>tomen</em></span> <span class='ocrx_word' id='word_1_415' title='bbox 1055 5234 1154 5292; x_wconf 84' lang='lat' dir='ltr'><em>minus</em></span> <span class='ocrx_word' id='word_1_416' title='bbox 1167 5235 1236 5292; x_wconf 86' lang='lat' dir='ltr'><em>tuto</em></span> <span class='ocrx_word' id='word_1_417' title='bbox 1248 5227 1377 5292; x_wconf 69' lang='lat' dir='ltr'><em>videtur.</em></span> 
     </span>
     <span class='ocr_line' id='line_1_40' title="bbox 32 5321 1630 5407; baseline 0 -17"><span class='ocrx_word' id='word_1_418' title='bbox 32 5329 184 5390; x_wconf 68' lang='lat' dir='ltr'><em>maccus.</em></span> <span class='ocrx_word' id='word_1_419' title='bbox 199 5324 407 5400; x_wconf 86' lang='lat' dir='ltr'><em>Quamobrem</em></span> <span class='ocrx_word' id='word_1_420' title='bbox 427 5325 573 5404; x_wconf 76' lang='lat' dir='ltr'><em>preclare</em></span> <span class='ocrx_word' id='word_1_421' title='bbox 589 5325 702 5386; x_wconf 89' lang='lat' dir='ltr'><em>Suarez</em></span> <span class='ocrx_word' id='word_1_422' title='bbox 716 5343 814 5386; x_wconf 90' lang='lat' dir='ltr'><em>anno-</em></span> <span class='ocrx_word' id='word_1_423' title='bbox 902 5322 1082 5384; x_wconf 91' lang='lat' dir='ltr'><em>Notandum</em></span> <span class='ocrx_word' id='word_1_424' title='bbox 1104 5327 1232 5401; x_wconf 86' lang='lat' dir='ltr'><em>quarto,</em></span> <span class='ocrx_word' id='word_1_425' title='bbox 1257 5321 1308 5384; x_wconf 87' lang='lat' dir='ltr'><em>hic</em></span> <span class='ocrx_word' id='word_1_426' title='bbox 1334 5324 1385 5404; x_wconf 81' lang='lat' dir='ltr'><em>agi</em></span> <span class='ocrx_word' id='word_1_427' title='bbox 1403 5324 1630 5407; x_wconf 69' lang='lat' dir='ltr'><em>deprompto,</em></span> 
     </span>
     <span class='ocr_line' id='line_1_41' title="bbox 32 5412 1633 5498; baseline 0.001 -16"><span class='ocrx_word' id='word_1_428' title='bbox 32 5427 81 5482; x_wconf 88' lang='lat' dir='ltr'><em>tat</em></span> <span class='ocrx_word' id='word_1_429' title='bbox 95 5421 175 5482; x_wconf 85' lang='lat' dir='ltr'><em>loco</em></span> <span class='ocrx_word' id='word_1_430' title='bbox 187 5419 278 5480; x_wconf 85' lang='lat' dir='ltr'><em>citato</em></span> <span class='ocrx_word' id='word_1_431' title='bbox 292 5420 407 5480; x_wconf 62' lang='lat' dir='ltr'><em>secti.</em></span> <span class='ocrx_word' id='word_1_432' title='bbox 422 5436 455 5479; x_wconf 89' lang='lat'><em>11.</em></span> <span class='ocrx_word' id='word_1_433' title='bbox 471 5421 501 5480; x_wconf 80' lang='lat'><em>2.</em></span> <span class='ocrx_word' id='word_1_434' title='bbox 525 5417 565 5480; x_wconf 87' lang='lat' dir='ltr'><em>ad</em></span> <span class='ocrx_word' id='word_1_435' title='bbox 579 5417 740 5498; x_wconf 82' lang='lat' dir='ltr'><em>opiniones</em></span> <span class='ocrx_word' id='word_1_436' title='bbox 757 5418 813 5478; x_wconf 89' lang='lat' dir='ltr'><em>ali-</em></span> <span class='ocrx_word' id='word_1_437' title='bbox 863 5414 980 5476; x_wconf 89' lang='lat' dir='ltr'><em>nonde</em></span> <span class='ocrx_word' id='word_1_438' title='bbox 994 5414 1138 5476; x_wconf 87' lang='lat' dir='ltr'><em>coasilio:</em></span> <span class='ocrx_word' id='word_1_439' title='bbox 1162 5412 1225 5475; x_wconf 88' lang='lat' dir='ltr'><em>sive</em></span> <span class='ocrx_word' id='word_1_440' title='bbox 1239 5433 1280 5476; x_wconf 86' lang='lat' dir='ltr'><em>an</em></span> <span class='ocrx_word' id='word_1_441' title='bbox 1294 5414 1404 5494; x_wconf 87' lang='lat' dir='ltr'><em>liceat;</em></span> <span class='ocrx_word' id='word_1_442' title='bbox 1421 5436 1485 5480; x_wconf 92' lang='lat' dir='ltr'><em>non</em></span> <span class='ocrx_word' id='word_1_443' title='bbox 1498 5437 1571 5482; x_wconf 85' lang='lat' dir='ltr'><em>vero</em></span> <span class='ocrx_word' id='word_1_444' title='bbox 1591 5439 1633 5483; x_wconf 88' lang='lat' dir='ltr'><em>an</em></span> 
     </span>
    </p>
   </div>
   <div class='ocr_carea' id='block_1_8' title="bbox 105 5539 1473 5605">
    <p class='ocr_par' dir='ltr' id='par_1_8' title="bbox 105 5539 1473 5605">
     <span class='ocr_line' id='line_1_42' title="bbox 105 5539 1473 5605; baseline 0.004 -5"><span class='ocrx_word' id='word_1_445' title='bbox 105 5548 110 5562; x_wconf 89' lang='lat'><strong>·</strong></span> <span class='ocrx_word' id='word_1_446' title='bbox 205 5539 283 5603; x_wconf 86' lang='lat' dir='ltr'><em>Tou.</em></span> <span class='ocrx_word' id='word_1_447' title='bbox 309 5540 330 5598; x_wconf 95' lang='grc' dir='ltr'><em>Ι.</em></span> <span class='ocrx_word' id='word_1_448' title='bbox 1181 5557 1182 5562; x_wconf 70' lang='grc'>’</span> <span class='ocrx_word' id='word_1_449' title='bbox 1437 5545 1473 5605; x_wconf 90' lang='grc'><em>-16</em></span> 
     </span>
    </p>
   </div>
   <div class='ocr_carea' id='block_1_9' title="bbox 0 0 1976 6338">
    <p class='ocr_par' dir='ltr' id='par_1_9' title="bbox 0 0 1976 6338">
     <span class='ocr_line' id='line_1_43' title="bbox 0 0 1976 6338; baseline 0 0"><span class='ocrx_word' id='word_1_450' title='bbox 0 0 1976 6338; x_wconf 95' lang='lat' dir='ltr'><em> </em></span> 
     </span>
    </p>
   </div>
  </div>
 </body>
</html>
