3946 6344
671 427 781 497 1111111
804 427 1007 498 snounnos
1575 429 1633 490 50⁷

11 613 51 682 118
102 603 125 664 1.
141 603 265 684 Sperare
278 609 324 664 est
342 605 447 683 optare
468 599 528 664 sibi
550 601 676 681 aliquod
695 591 816 662 bonum
867 603 896 662 3.
917 599 1001 678 dioit,
1024 600 1107 680 quod
1121 617 1189 680 spes
1204 596 1354 659 innitatur
1367 595 1592 676 omnipotentia
1604 603 1635 655 et

68 695 279 770 etcouliderese
289 696 367 758 illud
381 696 598 772 obtenturum3
610 713 649 755 ex
656 713 718 773 quo
732 698 816 773 patet
862 691 1076 754 misericordia
1090 694 1156 754 Dei.

67 787 135 870 quod
155 805 219 867 spes
242 791 347 849 nostra
374 789 414 850 ad
442 789 544 850 Deum
570 786 710 848 includat
739 789 816 847 dnos
906 785 933 865 ᾗ.
951 789 980 848 5.
997 785 1123 846 Infinita
1135 785 1265 848 fidelitas
1289 785 1343 846 Dei
1360 784 1394 844 in
1412 783 1472 842 hoo
1485 781 1632 856 consistit,
1660 771 1718 830 ⁴22

66 880 273 960 assumimus
287 886 333 940 est
342 880 529 942 desiderium
542 879 718 959 boni,qnod
732 885 817 960 upta-
867 879 950 957 qnod
961 881 1041 939 Deus
1055 879 1093 939 sit
1105 878 1277 939 neeessario
1289 876 1511 938 determinatus
1524 873 1563 933 ad
1576 872 1636 932 hoo

66 991 124 1034 mus
136 973 239 1048 anem
253 974 406 1034 secundus
420 979 465 1034 est
473 973 618 1053 quasdam
631 971 817 1033 confidentia
864 967 951 1031 iactis
964 971 1169 1050 implendum,
1183 969 1266 1049 quod
1279 969 1420 1049 promisit
1432 965 1552 1028 verbis:
1569 963 1637 1024 inti-

64 1063 201 1127 etereotio
215 1064 312 1126 animi
335 1065 392 1126 sibi
410 1065 499 1145 quasi
520 1065 711 1144 spondentis,
732 1065 816 1144 qnod
866 1061 932 1122 nita
959 1069 1065 1123 autem
1091 1063 1230 1142 potentia
1252 1063 1285 1122 in
1301 1061 1362 1122 hoe
1383 1057 1532 1130 consistit,
1552 1057 1636 1136 quod

64 1157 165 1218 bonum
185 1155 263 1218 illud
290 1157 496 1218 desideratum
524 1157 564 1217 sit
590 1157 772 1218 obtenturus
798 1175 817 1218 a
869 1155 949 1214 Deus
962 1153 1062 1215 lacere
1084 1154 1191 1232 possit,
1206 1153 1357 1232 quidquid
1377 1151 1539 1231 promittit,
1565 1167 1636 1209 aum

63 1246 344 1311 lieo:hinoS.ffi
366 1247 818 1332 augustinusait
867 1245 906 1306 sit
917 1245 1420 1326 omnipotens,debetqueutraque
1428 1243 1481 1302 illa
1489 1241 1636 1321 perfectio
1712 1247 1715 1254 “

63 1361 136 1423 spem
157 1360 249 1422 supra
283 1342 471 1403 desiderium
505 1341 617 1403 addere
651 1342 818 1421 quemdam
867 1339 1099 1412 divinaadessa
1116 1342 1152 1397 ut
1166 1338 1319 1418 possimus
1341 1335 1518 1396 firmissime
1539 1333 1634 1395 aonii-

62 1441 201 1512 conatum,
218 1441 250 1495 et
261 1435 428 1514 quamdam
448 1434 653 1496 elevationem
669 1434 765 1494 animi
779 1434 818 1495 ad
868 1431 940 1490 dere
952 1450 960 1506 ;
973 1449 1047 1490 nam
1064 1431 1222 1490 lioetesset
1233 1429 1438 1504 fidelissimus,
1454 1431 1484 1488 ot
1497 1426 1635 1488 libentis-

63 1526 299 1606 eonsequendum
313 1527 457 1599 arduum,
466 1527 611 1605 idemque
620 1525 723 1586 innuit
731 1526 814 1588 Trid.
867 1523 944 1584 sime
957 1522 1049 1584 vellet
1061 1523 1183 1602 explere
1194 1523 1355 1602 promissa,
1368 1521 1393 1581 si
1402 1526 1506 1580 tamen
1514 1518 1636 1597 explere

60 1637 115 1678 sess
129 1621 156 1680 6.
169 1638 195 1678 c.
212 1622 242 1679 6.
256 1620 359 1680 dicens
372 1624 630 1698 peecamremper
641 1635 728 1698 spem
741 1617 818 1698 erigi
867 1632 932 1675 non
946 1619 1058 1694 posset,
1073 1615 1148 1674 item
1167 1613 1238 1673 licet
1256 1619 1335 1673 esset
1353 1612 1595 1692 potentissimus,
1611 1611 1637 1670 si

61 1711 94 1771 ad
103 1712 220 1772 reniam
236 1713 495 1791 consequendam.
869 1712 972 1768 lamen
986 1726 1051 1768 non
1064 1711 1206 1768 maneret
1220 1713 1372 1780 constans,
1383 1709 1414 1765 et
1423 1704 1522 1764 fidelis
1534 1704 1637 1764 insuia

13 1799 43 1860 19
94 1806 120 1865 2.
135 1803 293 1882 Ohjeetum
318 1805 478 1864 materiale
501 1803 577 1883 spei,
600 1803 663 1864 sive
686 1801 815 1876 bonum,
867 1801 1036 1880 promissis,
1052 1819 1117 1860 non
1130 1817 1289 1879 possemus
1298 1798 1473 1858 firmissime
1481 1796 1637 1858 confidere

60 1895 131 1974 quod
144 1913 161 1956 a
174 1897 238 1956 Deo
253 1914 423 1975 speramur,
439 1901 484 1956 cst
493 1895 527 1955 in
540 1895 649 1975 primis
657 1912 713 1974 pro
721 1895 818 1956 altera
866 1911 924 1953 nos
935 1893 1126 1969 obtenturos,
1149 1909 1234 1952 nune
1251 1896 1358 1956 autem,
1374 1906 1549 1968 possumus,
1564 1889 1638 1967 qnia

59 1988 112 2048 vita
135 1988 292 2049 beatitudo
312 1995 438 2058 aeterna,
455 1989 487 2048 id
502 1992 557 2062 ast,
575 1988 663 2059 visio,
686 2004 775 2048 amor
789 1995 819 2048 et
866 1984 918 2044 ille
931 1984 1082 2064 promisit,
1098 1983 1152 2063 qui
1164 1987 1210 2044 est
1223 1981 1431 2057 fidelissimus,
1447 1988 1478 2041 et
1491 1981 1638 2061 potentis-

58 2079 149 2140 iruitio
163 2081 228 2146 Dei,
244 2099 279 2141 ao
294 2082 437 2141 cumulus
456 2081 599 2142 omnium
617 2079 815 2158 gaudiorum,
866 2078 973 2139 simus.

57 2189 116 2250 quse
126 2179 217 2233 erunt
230 2171 264 2232 in
277 2173 360 2234 ooelis
377 2193 384 2234 :
400 2173 510 2234 deindo
528 2190 584 2252 pro
597 2172 656 2232 hao
668 2172 732 2232 vita
746 2177 818 2232 sunt
906 2172 934 2230 6.
957 2171 994 2230 Ut
1006 2168 1068 2247 ille,
1084 2165 1515 2249 quiinstruitur,haeoiaoilius
1525 2167 1635 2245 capiat,

58 2264 260 2326 omniamodis
270 2265 310 2325 ad
318 2264 404 2325 illam
413 2265 646 2339 beatitudinem,
656 2263 737 2323 inter
747 2281 816 2342 quaa
866 2269 1003 2341 rogetur,
1032 2261 1057 2321 si
1074 2261 1133 2341 ipsi
1156 2279 1229 2321 suus
1253 2261 1380 2334 Parem,
1402 2277 1433 2320 v.
1454 2277 1485 2338 g.
1511 2264 1542 2320 et
1562 2277 1636 2319 suus

55 2357 199 2436 praecipua
213 2361 287 2418 sunt
301 2357 440 2418 remissio
455 2369 663 2435 peecatorum,
677 2359 707 2416 et
719 2356 818 2434 gratia
862 2355 987 2434 juvenis
1001 2353 1106 2415 Frater
1118 2354 1335 2434 promitterent
1348 2369 1462 2412 novam
1474 2357 1602 2419 vastem,
1619 2369 1637 2410 a

55 2449 239 2510 ssnediieans
251 2447 359 2508 indue
372 2449 453 2509 vitas.
867 2466 929 2527 quo
952 2447 1044 2506 vellet
1058 2448 1156 2524 magis
1177 2463 1298 2524 sperare
1315 2464 1321 2504 :
1340 2445 1446 2523 utique
1460 2461 1479 2503 a
1494 2443 1634 2511 Parente,

11 2541 36 2602 to
89 2541 115 2600 3.
136 2541 217 2601 Cum
245 2559 315 2620 spes
341 2541 478 2600 includat
506 2541 583 2601 dnos
601 2545 698 2614 aetus,
717 2557 817 2600 unum
867 2557 960 2620 quem
974 2538 1118 2599 soitvelle
1132 2555 1320 2599 servaresua
1333 2537 1493 2615 promissa,
1506 2541 1636 2615 etposse

55 2631 199 2706 desiderii,
212 2639 243 2694 et
256 2633 390 2694 alterum
410 2633 614 2710 conlidentiae,
635 2632 705 2692 ideo
724 2631 818 2693 habet
867 2633 950 2708 dare,
971 2632 1053 2711 quod
1074 2631 1244 2710 promittit;
1261 2629 1386 2708 juvenis
1405 2633 1510 2689 autem
1530 2629 1636 2688 Frater

52 2723 157 2804 duplex
168 2726 335 2800 motivum,
349 2744 423 2786 nam
437 2727 590 2786 motivum
608 2731 750 2804 respectu
764 2724 817 2785 de·
866 2743 946 2804 scape
960 2724 1087 2802 negligit
1099 2720 1260 2802 promissa,
1276 2728 1330 2782 aut
1343 2719 1484 2799 quamvis
1503 2721 1637 2781 libenter

53 2817 147 2878 siderii
160 2825 207 2878 est
228 2817 351 2879 bonitas
374 2818 441 2894 liei,
462 2817 497 2877 in
520 2823 674 2897 quantum
694 2817 747 2877 illa
760 2834 817 2876 nos
867 2835 989 2878 servare
1007 2814 1110 2888 vellet,
1126 2819 1232 2874 tamen
1250 2833 1315 2874 non
1330 2829 1451 2892 semper
1464 2817 1564 2892 potest
1580 2831 1587 2872 :
1603 2811 1636 2872 id

52 2913 142 2986 potest
150 2917 305 2972 aternum
320 2911 448 2970 reddere
457 2911 580 2986 Beatos;
595 2909 749 2970 motivum
761 2927 816 2969 au-
866 2908 997 2989 applicet
1023 2909 1096 2978 Deo,
1126 2907 1179 2984 qui
1207 2905 1356 2984 qiddquid
1384 2903 1536 2982 promittit
1568 2901 1636 2964 vult

50 3007 108 3061 tem
120 3008 260 3083 respectu
275 3002 547 3062 confidentiaesunt
556 3000 817 3082 perfectionesltei
865 3003 950 3079 dare,
978 2999 1052 3079 qnia
1076 2997 1272 3059 fidelissimus
1297 3001 1353 3070 est,
1377 3001 1409 3056 et
1430 2999 1530 3075 potest
1548 2995 1633 3072 dare,

50 3094 98 3171 ipsi
110 3101 238 3174 propter
251 3095 363 3154 merita
376 3093 489 3154 Christi
502 3093 672 3154 nobiseum
686 3093 816 3154 beatitu-
866 3097 938 3175 qnia
949 3099 996 3153 est
1008 3090 1249 3172 potentissimus,
1262 3108 1297 3151 ao
1309 3091 1534 3167 consequenter
1545 3087 1584 3147 ab
1598 3105 1635 3148 eo

50 3185 148 3246 dinem
161 3187 316 3266 promisit,
338 3186 363 3247 si
383 3185 543 3260 faciamus,
569 3187 652 3266 quod
673 3186 708 3246 in
729 3185 817 3246 nobis
864 3183 1040 3247 firmissime
1053 3200 1175 3262 sperare
1192 3197 1357 3262 possumus
1376 3185 1525 3240 aeternam
1539 3179 1635 3240 beatt-

49 3281 100 3354 cst,
115 3279 190 3340 hino
211 3277 298 3338 Trid.
313 3297 338 3338 r.
356 3281 406 3338 16.
422 3278 475 3353 ait,
495 3275 691 3358 Speroutc'tus
704 3297 816 3360 propo-
863 3278 1006 3340 tudinem
1019 3276 1110 3337 nobis
1126 3280 1253 3355 propter
1268 3273 1382 3334 Christi
1395 3274 1504 3333 merita
1518 3289 1636 3352 appro-

50 3367 408 3443 remurmuremus,
423 3377 449 3429 ct
460 3377 610 3451 tamquam
624 3371 726 3449 pratia
738 3369 817 3451 filiis
866 3373 990 3432 missam
1000 3393 1008 3446 3
1020 3369 1122 3447 itaque
1137 3367 1240 3428 media
1253 3367 1292 3428 ad
1302 3367 1396 3428 illam.

48 3459 101 3521 Dei
120 3479 179 3544 per
200 3461 354 3524 Christum
374 3459 472 3522 Jcsum
495 3459 725 3523 misericorditer
745 3481 816 3544 pro·
905 3467 935 3524 7.
952 3461 1046 3524 dctus
1060 3461 1124 3540 spei
1138 3459 1222 3520 utilis
1236 3459 1275 3520 ad
1289 3461 1430 3534 salutem,
1443 3457 1635 3538 justificatio-
1662 3473 1720 3532 124

46 3557 139 3627 misso,
155 3561 184 3616 ct
199 3563 351 3635 tamquam
374 3572 482 3615 mcrccs
503 3555 651 3635 exipsius
673 3553 732 3616 Dei
749 3573 818 3636 pro
867 3574 951 3632 nem,
967 3560 997 3616 et
1016 3553 1164 3617 meritum
1186 3552 1277 3614 dehet
1297 3571 1362 3614 esse
1382 3551 1635 3632 supernaturalis,

46 3645 174 3708 uddone
184 3647 265 3708 bouc's
280 3647 410 3728 ipsorum
424 3644 561 3728 operitis
574 3655 603 3707 ct
616 3647 727 3708 meritis
740 3647 816 3730 fide·
866 3647 965 3729 qualis
978 3647 1047 3721 erit,
1059 3643 1085 3705 si
1093 3645 1250 3706 beatitudo
1266 3645 1427 3724 promissa,
1443 3643 1497 3706 Dei
1509 3642 1639 3724 promis·

48 3735 114 3798 litcr
128 3735 288 3800 reddenda.
866 3742 912 3802 sio
940 3746 971 3800 et
1003 3739 1157 3798 motivum
1191 3735 1294 3815 ipsum
1324 3738 1389 3816 spei
1424 3741 1638 3815 proponantur

12 3828 23 3888 1
83 3833 112 3890 4.
136 3830 306 3904 Μο1ὶ111111,
331 3847 369 3890 ex
394 3845 456 3909 quo
485 3829 697 3890 ardentissime
725 3848 818 3912 supra
867 3832 956 3894 nohis
983 3848 1039 3910 per
1060 3828 1155 3889 fidem
1176 3829 1454 3907 supernaturalem,
1480 3845 1549 3906 quae
1567 3828 1637 3888 ideo

46 3923 149 3983 omnia
170 3923 382 3982 desideramus
407 3925 556 3982 aetemam
580 3921 816 3989 beatitudinem,
867 3924 978 4004 praeire
999 3920 1101 3997 debet,
1122 3921 1168 3981 uti
1187 3939 1205 3980 u
1222 3939 1252 3981 u.
1278 3923 1326 3981 14.
1344 3921 1532 3981 dictumest.
1560 3919 1637 3978 Vide

46 4017 89 4074 est
101 4013 227 4076 infinita
247 4015 301 4074 liei
315 4014 447 4088 bonitas,
471 4013 558 4090 cujus
576 4014 726 4093 possessio
739 4031 817 4094 prae-
867 4015 961 4076 etiam
976 4032 1006 4073 u.
1023 4014 1073 4072 14.

45 4103 116 4166 terri
129 4105 382 4167 debetomnibus
395 4104 592 4186 possibilibus
604 4105 695 4166 honis
707 4112 820 4185 etgan·
910 4107 945 4182 (i.
968 4107 1017 4166 3⁹2.
1040 4103 1187 4180 Quomodo
1208 4105 1335 4183 practico
1354 4100 1422 4162 clici
1441 4102 1538 4182 possit
1556 4113 1637 4163 actus
1662 4127 1720 4187 ηδ

44 4196 101 4258 diis
119 4197 234 4262 creatis
250 4219 257 4258 ι
275 4199 427 4258 motivum
450 4203 565 4274 autem,
587 4215 624 4258 en
644 4215 707 4276 quo
727 4215 820 4276 snper
867 4195 953 4278 spei?
967 4196 1008 4255 R.
1025 4195 1171 4254 Formulu
1184 4192 1307 4252 dabitur
1320 4209 1350 4250 u.
1366 4192 1433 4252 154.

44 4290 149 4350 omnia
169 4289 347 4350 firmissime
369 4285 560 4351 consulimus
583 4307 640 4349 nos
655 4289 818 4350 beatitudi-
910 4287 946 4356 O.
963 4289 1012 4347 33.
1029 4285 1120 4346 Ausit
1132 4283 1336 4365 presumptio,
1350 4286 1378 4342 si
1390 4282 1458 4362 quis
1472 4279 1533 4343 idco
1546 4281 1637 4344 oudo·
1662 4306 1720 4366 4243

42 4397 113 4442 nem
136 4381 228 4443 illam
251 4381 441 4454 obtenturos,
467 4385 522 4457 est,
546 4381 620 4460 quia
642 4377 740 4457 Deus,
765 4381 819 4460 qui
868 4381 929 4441 cius
941 4386 1045 4460 peccet,
1061 4377 1132 4458 quio
1145 4375 1183 4438 sit
1198 4375 1293 4437 Deum
1314 4393 1369 4435 csse
1387 4373 1503 4455 infinite
1521 4376 1636 4436 miscri-

42 4471 126 4534 illnm
148 4473 304 4553 promisit,
325 4478 372 4533 est
391 4471 586 4533 fidelissimus
605 4471 640 4532 in
662 4473 820 4552 promissis
868 4469 991 4547 cordam,
1004 4467 1203 4550 autquiascit
1215 4485 1245 4527 sc
1256 4466 1515 4546 uuoCoufcssiouc,
1527 4467 1638 4528 vciuuo

40 4565 103 4625 suis
130 4565 295 4627 servandis
317 4569 349 4625 et
366 4564 596 4644 potentissimus
614 4583 650 4625 ea
673 4583 817 4626 servare:
868 4573 935 4626 ortu
949 4559 1136 4623 contritionis
1149 4558 1435 4641 dclcrcposscmuitu
1444 4559 1636 4639 pcccututlt.

42 4657 108 4718 lluc
123 4653 543 4737 etiamplurimumoonfcrt,
559 4655 632 4735 qrria
646 4655 684 4716 sit
699 4655 821 4718 miseri·
869 4655 902 4718 Si
920 4651 1064 4735 cognitio,
1094 4663 1125 4714 et
1147 4669 1215 4732 spes
1235 4652 1289 4713 illa
1310 4651 1499 4712 remissionis
1520 4652 1560 4711 sit
1580 4649 1638 4731 ipsi

40 4747 253 4826 sordissimns,
279 4752 316 4808 ut
331 4744 405 4809 dare
431 4748 505 4808 velit
525 4748 647 4822 auxilia,
666 4749 714 4808 uti
726 4747 821 4810 habet
868 4749 948 4809 ratio
962 4746 1197 4826 pessundatum
1207 4751 1254 4805 est
1263 4744 1480 4824 praesumptio;
1497 4744 1522 4804 si
1533 4751 1637 4804 autern

40 4839 70 4900 S.
88 4839 208 4901 Thom.
224 4861 275 4921 pu.
292 4859 344 4900 uu.
360 4839 395 4901 de
408 4839 480 4920 Spe,
497 4857 563 4921 puae
576 4845 617 4900 cst
631 4857 660 4920 q.
677 4837 750 4900 lde
761 4841 822 4922 spi·
869 4857 932 4901 non
948 4839 986 4899 sit
994 4835 1053 4918 ipsi
1066 4837 1145 4899 ratio
1155 4835 1309 4917 pensandi,
1326 4837 1379 4897 sed
1392 4841 1514 4896 tuntum
1526 4833 1639 4899 haheat

39 4929 210 4994 ritualibus
223 4932 366 4994 creaturis
375 4940 435 4993 ort.
456 4935 485 4993 l.
497 4931 586 4993 Sicut
600 4927 742 5013 objectum
755 4931 819 5012 lor·
869 4951 900 4994 se
924 4929 1175 4998 concomitanter,
1201 4933 1329 4989 nonest
1351 4927 1562 5008 presumptio,
1585 4927 1638 4987 sed

38 5023 121 5084 mole
130 5021 210 5104 fidei
221 5033 262 5084 cst
273 5024 382 5084 ueritas
390 5024 507 5106 prima,
515 5040 669 5105 perquam
682 5025 758 5084 sicut
766 5043 821 5106 prr
869 5027 915 5084 est
935 5023 1020 5083 aetus
1043 5021 1117 5101 spei,
1143 5020 1261 5080 honum
1280 5021 1365 5080 enim
1383 5023 1429 5080 est
1448 5019 1540 5079 etiam
1555 5024 1635 5084 tum.

38 5111 196 5196 quoddam
209 5113 338 5176 medium
352 5115 476 5177 assentit
489 5113 545 5192 dis,
562 5135 628 5195 quoe
646 5113 819 5194 creduntur,
870 5113 994 5196 quando
1011 5113 1080 5193 quis
1091 5117 1206 5193 peceat,
1229 5111 1278 5172 vel
1298 5111 1363 5172 vtrlt
1380 5119 1494 5191 peceat,
1515 5123 1637 5190 sperare

38 5224 119 5287 qrcoe,
139 5213 213 5266 suut
233 5203 378 5287 objectum
398 5205 550 5268 materiale
571 5203 652 5287 fidei,
671 5207 712 5267 itu
732 5207 820 5268 ctcitm
870 5207 993 5269 ventam
1007 5225 1026 5266 a
1041 5208 1115 5282 Deo,
1130 5211 1161 5266 et
1173 5222 1346 5285 proponere
1360 5209 1465 5285 postea
1484 5203 1634 5272 oonllteri,

38 5295 192 5380 om'cctum
206 5297 330 5378 formale
342 5297 404 5380 spei
417 5305 458 5358 cst
475 5297 627 5358 auritium
646 5299 759 5360 divr'uoe
771 5319 822 5381 po
870 5295 919 5361 vel
932 5297 1092 5379 poenitere.

39 5391 161 5452 testatis
181 5397 211 5450 ct
232 5391 367 5470 pictatis,
390 5395 512 5471 propter
542 5389 621 5469 quod
644 5399 738 5450 motus
759 5391 822 5471 spei
914 5393 947 5468 Q.
966 5390 1013 5451 34.
1029 5385 1519 5470 Ausitproesumptio,siquisidco
1531 5393 1636 5464 peccet,
1664 5417 1720 5476 497

38 5478 140 5544 tendit
172 5485 207 5542 iu
234 5481 308 5541 doun
335 5489 459 5562 sperato,
491 5499 558 5561 quic
578 5491 645 5542 suut
667 5483 822 5544 materiale
871 5481 1638 5564 quiosimiicpcccutumcommr'sit,posteouuoopcrn

37 5575 195 5652 ochctum
208 5574 271 5652 spei
285 5593 292 5632 ε
308 5573 347 5634 Et
360 5575 390 5635 2.
405 5577 435 5634 2.
451 5593 480 5653 q.
494 5576 542 5635 18.
559 5581 619 5633 ort.
636 5575 666 5634 4.
682 5571 729 5635 od.
743 5575 773 5634 2.
790 5581 823 5636 et
872 5571 1088 5654 confitendum?
1102 5570 1137 5633 li.
1160 5571 1229 5632 Non
1244 5577 1299 5640 cst,
1316 5572 1387 5632 liam
1404 5563 1487 5630 enim
1510 5587 1566 5649 per
1578 5570 1638 5630 hoo
