3944 6350
701 411 750 475 DE
770 409 947 473 LEGIBUS.
1570 425 1626 490 tor

70 581 152 644 reddit
174 595 202 638 se
227 583 432 657 impotentem
458 579 497 640 ad
524 579 650 640 alendos
669 583 810 659 parentes
859 576 939 654 liter,
956 579 1010 656 qui
1022 595 1078 658 per
1090 585 1201 659 potum
1212 584 1385 646 carisatsibi
1401 589 1628 668 egritudinem,

70 681 125 755 post
135 671 321 752 septennium
341 669 462 732 laturos
479 671 633 750 indignos,
659 675 808 750 peccaret,
859 669 900 728 ob
912 685 1008 748 qrram
1027 672 1175 766 praevidet
1199 691 1231 734 se
1250 674 1316 737 iore
1334 678 1538 758 impotentem
1561 692 1630 764 post

69 765 264 846 siprerideret
275 763 358 823 intra
371 781 484 842 pancos
497 764 562 824 dies
575 764 640 824 fore
652 763 807 842 indiguos.
859 761 976 840 aliquot
985 763 1050 822 dies
1063 763 1103 824 od
1116 765 1246 826 Sacrum
1260 769 1461 847 1111111111,
1476 776 1515 836 cd
1528 776 1631 856 legen-

17 854 51 913 titt
98 859 122 936 5.
143 855 169 918 e.
190 854 309 915 titulus
329 855 458 933 justitiae
480 856 572 934 lange
600 856 728 935 rigidior
751 858 807 931 cst,
859 853 1630 936 1111111111,11]1]111111111,11111111111ἰο1111

66 965 145 1028 qaam
167 946 354 1018 obedientiae,
382 947 433 1007 vel
459 947 626 1026 religionis,
655 947 701 1008 nti
727 952 809 1008 reete
860 945 1056 1023 Paschalem;
1084 947 1169 1024 item,
1198 953 1252 1032 qui
1273 959 1383 1032 potans
1407 957 1554 1036 praevidet
1573 979 1629 1024 suo

65 1043 141 1120 lttoya
157 1046 178 1099 t.
198 1044 226 1100 t.
248 1046 271 1100 i.
297 1041 327 1100 6.
351 1037 381 1099 d.
395 1041 425 1100 n.
441 1059 471 1120 q.
487 1042 516 1100 1.
532 1059 562 1100 a.
581 1041 627 1100 16.
645 1040 727 1100 rrnde
740 1057 810 1118 pec·
859 1038 969 1098 morbo
981 1040 1057 1100 elios
1074 1060 1140 1102 cras
1155 1042 1322 1122 privandos
1335 1045 1436 1126 Missa
1457 1053 1629 1115 secandum

65 1139 122 1193 eant
142 1133 285 1208 Pastores,
305 1129 461 1207 officiales,
476 1131 595 1207 famuli,
611 1136 669 1192 cta.
689 1131 742 1210 qui
754 1149 810 1212 per
858 1129 951 1192 Scor.
972 1133 1041 1194 Bce.
1064 1134 1174 1196 Bonos.
1195 1135 1308 1199 Dicant.
1325 1153 1389 1201 noa
1405 1149 1630 1221 peccatconira

64 1224 312 1304 intemperantiam
342 1228 471 1284 causant
501 1223 561 1284 sibi
581 1223 808 1301 infirmitatem,
859 1226 1212 1302 praeceptumdeltiiasa.

62 1318 174 1378 aientes
184 1317 252 1378 ideo
267 1333 309 1384 sc,
326 1316 420 1377 ctiam
433 1315 519 1396 prins
532 1318 634 1394 poelli
662 1316 727 1376 dies
745 1315 809 1378 lore
899 1315 925 1393 ᾗ.
944 1318 991 1377 11.
1011 1318 1044 1376 Si
1058 1317 1137 1378 absit
1155 1313 1286 1382 intentio
1300 1321 1501 1390 defraudandi
1515 1322 1627 1412 legem,
1655 1334 1715 1396 793

61 1410 226 1489 impotentes
242 1408 359 1470 muniis
379 1408 539 1484 abermdis,
555 1409 595 1468 ad
606 1425 676 1486 quae
690 1425 728 1468 ex
739 1409 809 1486 jus·
860 1423 923 1467 non
934 1415 1465 1494 1111111111,1111111111111111
1476 1439 1630 1488 exsenon

59 1501 116 1562 titio
133 1507 285 1577 tenentur,
310 1500 421 1562 Sonch.
447 1501 534 1579 Pasa.
559 1505 590 1561 et
611 1500 675 1560 alii.
692 1501 811 1580 Excipit
859 1497 998 1562 illicitam
1008 1502 1253 1583 redditsapridie
1267 1507 1473 1588 impotentem
1482 1515 1630 1597 adlegem

60 1593 163 1654 liobe.
179 1595 227 1655 10.
242 1615 273 1655 a.
289 1596 339 1654 11.
356 1593 583 1672 nisiperalinm
596 1609 684 1672 aeque
693 1591 811 1654 utiliter
860 1591 996 1671 aliquam
1028 1595 1198 1658 humanam
1235 1598 1484 1683 observandam,
1520 1607 1631 1673 docent

58 1687 178 1766 suppleri
204 1687 314 1767 possit,
344 1686 428 1765 quod
452 1691 559 1746 tamen
586 1703 650 1746 non
677 1683 812 1746 admittit
860 1685 952 1746 door.
970 1685 1038 1747 Ber.
1055 1689 1164 1750 Boane.
1189 1689 1304 1753 [liccat.
1327 1694 1465 1776 adeoque
1478 1717 1542 1761 non
1556 1719 1630 1782 pec·

60 1777 133 1860 pap·
860 1793 941 1854 cere,
971 1780 1026 1858 qrri
1047 1780 1096 1842 dic
1122 1781 1247 1843 Sabbati
1261 1785 1320 1846 iter
1336 1787 1631 1873 ingreditnrpraeii-

16 1857 39 1918 10
89 1869 113 1949 ἓ.
128 1873 156 1932 9.
170 1871 352 1952 Capelianus
366 1869 458 1930 hodic
476 1867 631 1948 obligatus
644 1865 808 1944 celebrare,
860 1869 937 1930 dens
957 1889 990 1932 se
1010 1889 1076 1933 eres
1098 1891 1163 1934 noa
1176 1893 1264 1954 posse
1279 1877 1385 1940 audire
1401 1880 1550 1961 Seonrm;
1567 1888 1631 1949 imo

56 1969 148 2043 peccat
168 1969 276 2024 contra
295 1962 457 2042 justitiam,
473 1963 498 2022 si
512 1961 603 2024 hodic
622 1977 654 2022 se
668 1961 809 2039 inebriet,
860 1979 918 2023 nec
932 1963 987 2042 qai
1000 1965 1039 2025 sd
1050 1965 1244 2028 venationem
1255 1969 1327 2043 exii,
1340 1972 1385 2032 uti
1395 1973 1633 2052 plurihuadoeet

55 2061 102 2118 aut
122 2061 219 2119 restes
247 2069 347 2118 sacras
368 2055 504 2134 negligat
530 2055 667 2134 accipere
685 2055 723 2115 dc
744 2055 810 2116 loco
862 2054 940 2114 (iob.
968 2055 1000 2115 in
1025 2057 1098 2138 Esp.
1126 2060 1161 2120 T.
1189 2061 1219 2120 5.
1242 2079 1272 2121 a.
1295 2064 1364 2124 513.
1388 2070 1629 2149 ettiloyaa.15.

55 2149 156 2226 ricino,
175 2153 231 2210 sat
249 2148 323 2209 illuc
345 2151 411 2222 eat,
436 2147 490 2207 ubi
511 2163 575 2207 non
598 2146 710 2226 poterii
732 2147 810 2210 ccle-
861 2146 921 2206 nisi
945 2149 1043 2208 exiret
1068 2149 1150 2210 cirea
1177 2151 1216 2212 10
1241 2151 1290 2213 vol
1322 2157 1356 2217 11
1387 2157 1498 2221 horam
1512 2166 1628 2228 noctis:

53 2239 142 2317 brace,
156 2242 201 2303 ita
211 2239 323 2302 Tamb.
340 2239 361 2301 i.
379 2243 409 2300 3.
421 2237 557 2301 deMiaaa
568 2257 597 2320 q.
608 2241 637 2300 6.
649 2239 678 2318 ξ.
693 2240 723 2302 1.
736 2257 767 2302 n.
778 2243 810 2302 6.
863 2239 952 2306 Quod
979 2240 1005 2300 si
1027 2241 1210 2320 impotentia
1234 2245 1288 2306 illn
1313 2247 1393 2310 forte
1409 2259 1553 2315 causetur
1576 2277 1633 2338 per

51 2339 130 2412 putat
142 2340 250 2396 tamen
268 2353 332 2395 non
352 2349 488 2412 peecare,
510 2331 536 2392 si
555 2331 767 2394 infirmitatem
778 2333 812 2394 in
861 2332 1015 2392 actionem
1030 2351 1067 2392 er
1081 2352 1113 2394 se
1129 2335 1255 2408 melam,
1276 2356 1306 2399 v.
1323 2357 1353 2418 g.
1370 2359 1426 2420 per
1439 2344 1630 2427 ebrietatem,

50 2441 79 2486 sc
103 2433 204 2488 causet
228 2431 300 2488 ante
326 2430 450 2505 tempus
475 2439 601 2502 argens,
628 2425 682 2485 sed
702 2423 809 2488 Sancd.
861 2421 974 2484 Bonae.
997 2420 1071 2485 dicit
1090 2441 1156 2486 non
1175 2427 1244 2489 ideo
1263 2447 1392 2508 peccare
1409 2441 1517 2498 contra
1530 2435 1632 2520 legem

51 2517 132 2600 req.
146 2529 172 2580 ct
183 2518 246 2580 alii
259 2518 449 2599 probabilius
465 2517 570 2577 dicunt
579 2533 652 2576 cum
665 2535 809 2597 peceare;
861 2513 1042 2590 hermanum,
1063 2518 1150 2596 cujas
1174 2517 1381 2584 observationi
1395 2531 1522 2606 ponitur
1536 2531 1632 2614 impe-

16 2627 17 2632 *
49 2619 80 2671 ut
88 2611 151 2690 jam
165 2613 286 2673 dictum
304 2617 360 2672 est.
381 2610 468 2683 Quod
483 2609 509 2668 si
523 2609 562 2669 sit
575 2607 728 2687 infirmus,
745 2629 811 2671 car-
862 2608 1047 2684 dimentum
1060 2611 1130 2688 quia
1145 2627 1208 2671 non
1221 2620 1339 2675 constat
1353 2613 1472 2695 legibus
1484 2621 1631 2688 humanis

49 2723 110 2766 ecre
123 2705 247 2766 clarrsus
262 2709 319 2780 etc,
335 2721 400 2763 non
413 2707 537 2762 tenetur
554 2707 680 2781 propter
693 2701 811 2780 obliga·
861 2701 981 2760 intendi
1001 2702 1095 2762 talem
1120 2703 1352 2782 obligationem.
1381 2707 1427 2769 uti
1450 2720 1568 2776 constat
1582 2717 1629 2778 in-

47 2797 156 2858 tionem
196 2797 286 2856 illam
320 2811 485 2874 procurare
520 2793 735 2856 liberationem
773 2795 812 2854 ab
860 2791 945 2852 tendi
973 2793 1186 2856 naturalibus:
1215 2795 1268 2858 scd
1294 2799 1332 2860 de
1350 2801 1408 2862 lroe
1431 2799 1549 2866 (1111111
1563 2805 1581 2869 l.
1598 2813 1627 2871 3.

47 2887 234 2964 infirmitate,
256 2888 306 2948 vel
323 2905 454 2962 carcere,
475 2891 597 2947 tenetiu
617 2891 722 2948 tamen
744 2905 814 2966 pro-
858 2903 893 2964 ,v-
910 2886 939 2944 2·
956 2903 984 2957 n.
1004 2885 1089 2947 1331·

45 2999 147 3042 curare
169 2981 390 3042 liberationem
414 2979 452 3039 ab
476 2979 810 3056 excommunicatione,
901 2977 928 3054 ξ.
947 2979 994 3037 13.
1012 2977 1419 3062 Excommunicaiuspeceat
1433 2991 1630 3072 1111111111-
1655 3012 1716 3073 791

44 3070 259 3149 suspensione,
284 3073 315 3129 et
341 3069 513 3140 interdicto,
542 3069 609 3128 haee
634 3069 717 3128 enim
741 3074 813 3129 serat
861 3073 984 3148 ceptum
1019 3070 1056 3130 de
1092 3071 1305 3149 Confessione,
1342 3081 1372 3137 et
1405 3079 1630 3148 Commuuione

42 3163 164 3238 11111111,
185 3168 219 3224 et
245 3161 388 3242 proxima
407 3160 629 3240 impedimenta
647 3160 810 3236 Sicoriiicii,
861 3177 977 3236 anana,
1008 3161 1033 3222 si
1059 3180 1123 3223 non
1151 3169 1235 3242 petat
1259 3165 1496 3251 absolutionem,
1526 3183 1561 3238 ut
1588 3180 1631 3242 ita

42 3253 77 3314 od
95 3269 165 3334 qua
185 3253 328 3315 tollenda
347 3252 429 3330 cogit
451 3269 523 3313 eum
546 3252 654 3312 titulus
673 3251 811 3330 justitiae,
862 3254 957 3332 possit
983 3253 1042 3314 illis
1065 3257 1225 3336 praeceptis
1250 3257 1430 3323 satisfacere.
1463 3265 1508 3328 Ita
1535 3267 1628 3334 Scor.

40 3363 99 3423 qim
110 3352 241 3408 tenetur
252 3344 433 3419 sacrificare,
456 3333 500 3404 ita
519 3343 628 3404 Tamb.
645 3341 717 3404 idid.
733 3363 763 3404 a.
781 3347 810 3405 8.
861 3345 968 3427 Lepci.
984 3345 1060 3407 Bon.
1088 3344 1223 3428 Fapeacl.
1246 3349 1339 3413 Dion.
1355 3353 1470 3417 etalii:
1487 3360 1511 3420 si
1526 3365 1631 3426 tamen

40 3440 107 3498 111.
123 3439 250 3512 Quodsi
261 3437 393 3498 Ecclesia
408 3441 496 3513 egeat
509 3435 767 3512 reconciliatione,
783 3441 814 3498 et
862 3457 927 3498 non
945 3441 1039 3518 petat,
1063 3455 1127 3500 non
1146 3447 1251 3520 peccat
1270 3451 1376 3506 contra
1390 3458 1579 3531 preceptum
1594 3458 1632 3518 de

38 3528 166 3608 ipsemet
178 3530 280 3611 possit
292 3528 500 3603 reconciliare,
518 3529 558 3588 acl
576 3529 635 3588 hoo
644 3529 810 3606 tenebitur,
863 3531 953 3590 Missa
978 3530 1142 3608 audienda,
1171 3539 1205 3594 nt
1227 3533 1321 3596 iidem
1340 3537 1451 3600 docent
1467 3561 1539 3606 crim
1554 3547 1629 3610 Nar.

41 3627 71 3680 ut
84 3623 127 3684 sie
138 3623 241 3702 possit
250 3621 422 3682 satisfacere
435 3619 615 3695 obligationi
624 3618 809 3697 celebrandi,
861 3623 959 3692 Avila,
983 3623 1042 3683 llis.
1065 3643 1096 3683 a.
1114 3627 1161 3686 38.
1180 3625 1315 3708 Castrop.
1329 3629 1447 3704 decens.
1463 3629 1492 3695 d.
1511 3635 1586 3718 1.]1.
1600 3641 1630 3702 9.

37 3713 143 3775 rumh,
155 3716 187 3793 §.
204 3718 238 3775 3,
253 3731 284 3774 a.
301 3717 330 3774 3,
861 3731 893 3774 1.
908 3717 937 3774 3.
950 3716 1022 3794 qiria
1031 3715 1162 3776 Ecclesia
1171 3718 1271 3778 nolrrit
1280 3717 1337 3781 irae
1347 3732 1499 3804 praecepto
1509 3745 1632 3792 excom-

73 3805 101 3884 §.
118 3809 170 3866 10.
186 3806 250 3880 Qui
263 3805 448 3884 praevideret
458 3821 489 3864 sc
503 3805 571 3882 post
580 3801 738 3866 octiduum
748 3821 812 3866 non
862 3806 1055 3868 munientem
1069 3807 1299 3888 comprehendi,
1316 3813 1368 3874 sed
1388 3815 1518 3889 excludi,
1532 3817 1631 3886 solos-

36 3915 121 3974 posse
134 3897 316 3960 satisfacere
329 3895 609 3976 praeccptodivino,
624 3913 654 3956 n.
670 3915 701 3976 g.
719 3899 812 3959 susci·
861 3915 922 3976 quc
950 3900 1111 3978 dispositos
1136 3901 1251 3982 obligat
1278 3903 1317 3964 ad
1344 3903 1546 3987 audiendum,
1567 3933 1631 3976 non

34 3989 138 4068 piendi
153 3991 364 4071 Baptismum,
382 3988 560 4064 confitendi,
576 3993 630 4048 aut
642 3991 814 4051 communi·
862 3995 966 4051 etitem
989 3997 1025 4050 nt
1044 4009 1076 4052 sa
1099 3991 1279 4072 disponant:
1297 3993 1334 4058 r.
1352 3995 1463 4060 llieost.
1485 3999 1521 4064 (Ie
1540 3999 1632 4068 Mr'asa

33 4085 120 4144 candi
139 4101 203 4164 pro
223 4081 349 4156 rieden,
372 4086 496 4142 tenetur
528 4083 698 4159 praevenire
709 4100 717 4157 ;
736 4083 812 4144 item
861 4080 881 4141 l.
898 4085 929 4142 5,
944 4081 973 4143 d.
991 4083 1020 4143 li.
1040 4081 1070 4143 d.
1094 4087 1143 4146 10.
1164 4083 1192 4164 g.
1208 4087 1238 4146 E.
1255 4087 1342 4160 Quod
1357 4091 1497 4153 sitamcn
1511 4112 1548 4157 eo
1569 4093 1631 4159 ilnc

31 4182 149 4254 111111,
174 4176 237 4255 qui
259 4173 362 4235 dillerl
386 4173 645 4234 Gammanimcm
673 4191 812 4235 annuam
861 4189 925 4235 non
939 4176 1066 4254 pateret,
1089 4181 1123 4235 ui
1137 4193 1199 4237 naa
1217 4183 1360 4241 teneatur
1374 4181 1497 4246 Missam
1512 4183 1630 4267 audire,

30 4269 196 4346 usquead
223 4265 463 4336 Dominieamin
480 4264 575 4341 Albis,
591 4269 703 4327 ettam
717 4267 812 4345 proli-
861 4271 950 4346 putat
974 4261 1063 4328 Avila
1086 4285 1159 4328 curn
1175 4287 1300 4348 peccare
1315 4279 1422 4335 contra
1440 4287 1630 4361 praeceptum

30 4359 154 4422 oiscitnr
174 4360 220 4420 ad
241 4359 356 4432 locum,
378 4357 432 4417 abi
456 4375 513 4418 nec
534 4357 683 4436 proximis
704 4355 812 4419 diebus
861 4358 1197 4420 deblissazimoGob.
1217 4363 1357 4442 saprade
1379 4365 1629 4453 0111111117.

27 4457 95 4530 post
114 4452 182 4514 erit
203 4451 299 4530 copia
316 4447 585 4510 communicandi:
603 4450 812 4525 1111111111-
861 4451 1631 4540 11111111111111111111111111111111111-

26 4543 103 4604 dum
116 4544 225 4607 soor.
240 4547 370 4622 peccant
391 4541 506 4617 aditui,
524 4547 665 4618 sartores,
681 4549 809 4613 satores,
861 4542 934 4603 dam
948 4543 1186 4614 absolutionem,
1203 4551 1234 4606 et
1246 4545 1418 4610 tollendum
1430 4547 1634 4633 impedimen·

24 4637 176 4714 pistores,
206 4635 266 4714 qni
284 4633 335 4694 die
357 4632 576 4710 Sabbaiicam
598 4635 726 4713 possint,
747 4655 811 4696 non
861 4639 941 4709 ium,
966 4634 1081 4714 alioqui
1108 4653 1234 4714 peccam
1261 4644 1367 4700 eontra
1386 4655 1575 4726 preceptum
1594 4652 1633 4712 dc

22 4735 207 4808 procurant
221 4725 409 4788 munditiem
420 4725 538 4806 templi,
554 4733 664 4802 restes,
681 4727 810 4804 calceos,
862 4727 971 4801 Missa;
988 4745 1053 4786 non
1065 4732 1188 4788 tenetur
1201 4733 1306 4791 tamen
1316 4731 1453 4810 qrrissibi
1466 4755 1633 4816 precinere

22 4839 154 4899 proaem,
183 4819 241 4880 die
265 4816 436 4890 Dominico,
461 4823 516 4877 aret
538 4818 707 4880 1111111111
720 4835 812 4882 manc
861 4818 1082 4896 valetudinem,
1105 4827 1161 4881 aut
1178 4819 1392 4885 liberationem
1406 4843 1425 4888 a
1440 4845 1570 4910 carcerc,
1587 4833 1632 4896 uti

20 4913 261 4986 nmmum,
282 4925 355 4970 naar
377 4910 408 4968 in
431 4907 479 4970 bis
503 4925 587 4986 usas,
607 4915 638 4970 et
656 4913 813 4989 perairorio
862 4916 934 4970 ante
953 4910 1081 4988 dictum,
1106 4915 1137 4972 et
1153 4911 1247 4974 hebet
1265 4917 1461 4981 communior
1481 4925 1633 4989 sementia

20 5005 216 5068 communie
239 5002 344 5078 habet,
364 4997 477 5062 debere
498 5003 675 5080 preveniri,
699 5019 739 5064 ne
758 5021 814 5083 per
863 5019 933 5063 cam
957 5001 1048 5063 Scor.
1064 5002 1174 5064 Bonae.
1197 5003 1337 5086 Fapaad.
1360 5015 1388 5070 ci
1403 5009 1483 5090 aliis,
1499 5033 1556 5094 pro
1571 5035 1634 5097 quo
1741 5021 1744 5028 '

19 5097 152 5159 servilia
166 5095 231 5156 ilia
242 5093 375 5154 11111111
387 5092 513 5153 iestims
527 5092 602 5155 dies.
862 5095 1073 5174 disparitatem
1092 5096 1145 5156 dat
1166 5097 1236 5160 Gob.
1260 5101 1333 5179 quia
1347 5103 1401 5180 qui
1416 5111 1632 5171 excommuni-

59 5191 90 5269 §.
120 5192 176 5250 11.
206 5186 369 5264 Pleraeque
383 5184 466 5262 leges
477 5185 624 5246 humanae
643 5188 813 5248 secuudum
862 5193 959 5255 catur,
988 5189 1124 5267 peccarit
1151 5195 1257 5251 (contra
1280 5189 1459 5272 Ecclesiam,
1481 5199 1512 5260 et
1529 5199 1633 5267 illiest

18 5295 130 5354 asum,
154 5285 193 5342 et
212 5276 505 5356 interpretationem
527 5293 726 5340 <communem
749 5299 814 5341 nan
862 5281 1115 5354 contaminem
1140 5281 1633 5362 1111311111,11111111111111-

15 5373 240 5452 „bragmento
249 5369 318 5448 quia
327 5367 816 5451 impedimentaapponataliqaot
861 5389 942 5448 cere,
958 5389 1014 5451 per
1026 5372 1086 5433 hoc
1099 5389 1163 5433 non
1177 5377 1312 5453 peccarit
1330 5383 1439 5440 contra
1453 5379 1630 5457 Ecclesiam,

14 5465 146 5540 diebus,
170 5465 350 5540 antequam
369 5460 570 5538 urgeamini
587 5461 677 5522 Scor.
701 5463 811 5524 11111.
861 5463 978 5525 necilli
992 5467 1160 5525 contumax
1173 5471 1236 5542 esi;
1253 5483 1328 5548 ergo
1346 5467 1479 5534 Ecclesia
1490 5483 1632 5558 respectu

14 5555 86 5620 Sal.
106 5559 266 5633 Caetrop.
286 5551 405 5614 Dicant.
427 5551 556 5613 111111
576 5561 683 5632 peceat
696 5555 813 5634 specia-
861 5555 957 5636 bajus
982 5557 1095 5618 merito
1118 5563 1165 5619 cst
1190 5557 1409 5641 indulgentior,
1438 5569 1469 5628 et
1491 5581 1555 5631 non
1579 5567 1633 5634 sd·
