3938 6338
87 791 261 994 hl)
387 787 1407 998 TRACTATUM
1515 786 1612 986 V

525 1223 1139 1370 MANTISSA

329 1588 499 1672 SEU
555 1583 983 1677 QUAESTIO
1037 1583 1332 1668 FACTI.

70 1877 177 1947 cuum
205 1871 478 1970 theologorum
518 1869 713 1948 societatis
740 1876 830 1947 Jesu
861 1868 1025 1968 propriae
1056 1869 1133 1944 sint
1162 1869 1244 1944 istae
1281 1868 1480 1944 sententiae
1513 1867 1624 1944 duae:

219 2169 241 2229 l.
262 2168 318 2231 Ea
330 2167 444 2230 ombus
456 2165 642 2248 opinionibus
652 2164 858 2247 probabilibus
870 2183 1019 2246 poanmna
1031 2164 1114 2246 sequi
1124 2163 1220 2226 mbos
1234 2171 1339 2228 tutam.

203 2273 239 2334 11.
260 2273 317 2335 En
328 2271 439 2335 dnebns
452 2269 640 2354 opinionibus
651 2269 853 2352 probabilibus
864 2269 979 2332 liec'tnm
992 2277 1033 2331 est
1042 2269 1179 2352 amplecti
1190 2269 1290 2332 minas
1296 2268 1492 2352 probabilem,

105 2559 490 2650 AUCTORE
558 2555 1011 2646 STEPHANO
1066 2557 1163 2644 DE
1216 2555 1572 2646 'CHAMPS

535 2875 673 2930 sadanma
696 2873 879 2928 SOsslE'lthS
910 2873 1128 2928 pensaurum.

406 3481 779 3600 tattonis
845 3481 1253 3603 annuatia

94 3837 303 3921 castanon
321 3837 417 3908 Facti
436 3835 471 3907 Ρ.
488 3833 649 3926 Stephani
669 3835 711 3907 de
730 3835 877 3926 Champs
891 3835 966 3908 heic
982 3833 1188 3921 recudimus
1211 3859 1313 3930 quam
1330 3851 1444 3914 noster
1465 3845 1628 3921 La·Croix

54 3960 121 4031 citat
138 3982 204 4032 non
220 3962 295 4032 sine
312 3957 423 4030 laude.
444 3959 526 4046 Quis
541 3977 644 4048 porro
664 3957 777 4042 luerit,
795 3968 1009 4050 quantusque
1035 3959 1087 4028 vir
1107 3962 1143 4031 Ρ.
1178 3959 1220 4031 dc
1252 3961 1410 4054 Champs,
1439 3987 1506 4038 non
1534 3980 1629 4043 vacat

51 4079 144 4154 insius
163 4082 335 4174 persequi.
350 4080 496 4153 Consule
516 4079 561 4151 sis
576 4080 805 4171 praelationem
823 4082 858 4152 in
879 4101 999 4152 trovam
1010 4079 1193 4153 editionem
1204 4085 1449 4174 praeclarissimi
1464 4093 1502 4162 de
1515 4094 1630 4166 berosi

48 4203 242 4278 laminiana
259 4204 450 4276 uoluminis.
473 4203 653 4276 Enimvero
674 4225 735 4276 cur
753 4204 832 4276 huic
848 4204 884 4275 Ρ.
902 4203 1066 4276 La·Croin
1075 4205 1309 4296 supplemento
1323 4214 1528 4302 qaaestionem
1544 4218 1630 4309 sceti

50 4329 164 4402 addere
178 4332 289 4402 uisum
307 4329 422 4412 tuerit,
444 4327 562 4420 paucis
577 4346 736 4420 exequar.
756 4326 882 4400 Notum
911 4336 972 4410 est,
996 4335 1138 4418 quantas
1158 4331 1282 4402 nostris
1308 4330 1401 4406 hisce
1421 4340 1630 4429 temporibus

46 4449 185 4524 initalia
203 4450 384 4544 tragoedias
412 4451 565 4523 excitarit
595 4451 733 4542 quaestio
753 4450 836 4522 alias
855 4451 890 4520 in
905 4449 1021 4521 Galliis
1039 4452 1226 4541 presertim
1253 4454 1474 4530 celeberrima
1492 4461 1530 4532 de
1551 4487 1629 4558 pro·

44 4573 206 4647 labilitate
225 4577 413 4668 opinionum
444 4575 481 4643 in
503 4575 610 4665 proin
632 4576 803 4667 sequendo,
836 4570 994 4665 qnodque
1013 4572 1156 4664 hujusce
1180 4577 1424 4669 disquisitionis
1452 4588 1630 4659 occasione

44 4691 142 4769 libelli
162 4698 355 4791 prodierint
374 4697 632 4782 calumniarum,
650 4719 689 4771 ac
704 4698 961 4770 mendaciorum
974 4697 1065 4788 pleni
1084 4697 1119 4766 in
1136 4698 1337 4773 Societatem
1350 4701 1440 4776 lesu.
1452 4705 1563 4798 Atque
1577 4708 1629 4780 his

44 4823 178 4912 quidem
199 4821 242 4894 ab
260 4821 398 4894 Jesuitis
412 4821 566 4913 pluribus
586 4841 787 4914 responsum
801 4821 935 4892 abunde
946 4828 1006 4891 est.
1027 4821 1071 4890 Ut
1085 4822 1334 4910 enimGhenzii,
1348 4827 1496 4914 Lecchii,
1519 4831 1626 4916 Bovii,

42 4953 73 5016 et
85 4943 266 5036 cujusdam
279 4944 446 5038 Anonymi
462 4943 546 5014 mihi
565 4944 772 5027 amicissimi,
795 4943 1047 5016 lucubrationes
1061 4943 1204 5028 mittam,
1228 4946 1290 5018 ΡΡ.
1302 4948 1436 5040 Gagnae,
1451 4962 1484 5023 et
1498 4953 1629 5027 Richal-

42 5069 98 5138 mii
118 5067 308 5160 pereruditi
333 5067 410 5140 libri
439 5067 551 5139 excusi
585 5077 676 5140 sunt.
697 5067 742 5140 ht
759 5078 798 5140 ut
820 5066 923 5140 hosce
946 5067 1148 5159 Scriptores,
1180 5092 1366 5164 eorumque
1390 5074 1494 5148 libros
1516 5079 1627 5170 magni

40 5189 177 5275 faciam,
202 5191 242 5262 ad
261 5190 477 5284 depellendas
509 5199 622 5263 tamen
651 5192 693 5264 ah
711 5191 848 5264 lesuitis
879 5192 1050 5264 Loaitotis
1082 5190 1335 5263 criminationes
1367 5191 1451 5263 nihil
1477 5214 1628 5286 unquam
1715 5217 1720 5222 ·

40 5315 259 5406 proditurum
274 5316 415 5407 grauius,
446 5314 684 5407 efficaciusque
702 5318 876 5410 questione
905 5318 989 5408 faeti
1008 5313 1156 5408 judicari
1175 5334 1326 5404 semper,
1362 5335 1470 5408 eoque
1498 5317 1628 5392 firmius

40 5458 129 5510 nunc
150 5457 292 5521 censeo,
313 5438 401 5530 quod
425 5460 492 5511 non
510 5437 740 5512 Wendrockio
759 5445 900 5522 tantum,
924 5437 1066 5530 ejusque
1079 5437 1386 5531 propugnatoribus
1413 5436 1628 5513 bansenianis

40 5562 219 5636 insensum
233 5561 376 5634 maxime
395 5583 479 5655 opus
496 5561 560 5635 hoc
572 5581 646 5635 esse
661 5561 771 5645 videa,
793 5560 852 5633 sed
877 5569 910 5633 et
936 5563 1064 5634 caeteris
1084 5560 1277 5646 Catholicis,
1296 5559 1419 5652 quihus
1448 5562 1515 5634 alia
1536 5575 1628 5638 certe
