3944 6350
307 425 367 484 338
960 425 1071 488 Linea
1095 423 1237 486 PRIMUS

309 609 373 650 303
395 590 528 671 applicet
550 610 587 652 ca
613 609 668 672 pro
700 591 759 652 alia
791 609 833 652 re.
867 589 971 668 Ratio,
1000 591 1075 670 quia
1126 591 1238 670 legem,
1251 592 1306 672 qui
1317 591 1390 652 licet
1402 590 1483 651 hane
1497 589 1634 669 impleat,
1646 594 1753 648 tamen
1761 593 1875 649 303133-

310 689 381 743 uota
402 692 461 744 otc.
481 690 553 744 sum
571 684 652 760 leges
666 684 752 764 (prasi
767 681 975 763 partiendares,
998 702 1074 763 quas
1126 685 1183 760 nit,
1200 692 1231 746 et
1244 691 1369 765 paratus
1383 689 1504 744 estnon
1518 682 1659 762 implere,
1685 680 1746 742 nisi
1771 679 1875 742 aliunde

309 775 405 836 homo
425 777 494 848 sibi,
519 777 569 837 vel.
588 778 677 839 alteri
691 776 832 856 imponit,
853 776 936 836 unde
954 782 1075 837 tantum
1126 777 1164 838 ad
1180 777 1372 858 implendum
1386 781 1574 837 moveretur.

312 867 453 946 obligant
466 869 504 930 ad
528 869 731 932 substantiam
758 869 962 932 actussima
983 869 1073 930 Azor.
1411 904 1540 962 „UBIUM
1566 905 1610 958 lv·
1892 889 1927 948 33

311 960 436 1038 L0ffi¹¹⁸e
452 963 564 1042 Lal‘m·
578 981 611 1023 ¹¹·
626 965 656 1024 7·
1166 1016 1266 1077 3333
1278 1015 1478 1097 impletionem
1491 1017 1716 1094 Preeceptorem
1727 1012 1878 1094 requiratur

228 1077 286 1136 633
590 1091 741 1153 DUBlUbl
756 1092 808 1152 111.
1128 1108 1265 1186 intentio,
1280 1127 1327 1170 eeu
1342 1108 1474 1171 calceatos
1484 1107 1665 1190 saeteadt'iel,
1683 1107 1879 1188 prrodprccep

314 1207 363 1270 Aa
377 1209 543 1290 sateiesaetat
555 1221 713 1292 precepto,
730 1212 783 1294 pai
796 1211 904 1293 sedens
920 1229 1002 1292 opas,
1025 1229 1076 1272 ec·
1130 1209 1191 1262 tum
1205 1209 1255 1263 esf.

360 1319 459 1381 presse
470 1302 597 1364 intendit
608 1324 663 1385 per
677 1303 759 1366 illud
770 1324 826 1364 reon
839 1303 1022 1385 satisfacere.
1170 1373 1191 1400 η
1214 1329 1309 1406 pesp,
1326 1325 1416 1399 Quod
1429 1326 1482 1388 sie,
1499 1325 1593 1386 Ratio
1607 1331 1665 1400 est,
1680 1324 1755 1404 quia
1764 1341 1831 1384 eum
1841 1323 1880 1384 lex

356 1413 474 1495 eltesp.
505 1416 665 1478 Satisfecit.
697 1418 787 1478 Suar.
803 1416 872 1477 Vel.
900 1417 993 1496 Vasq.
1010 1415 1032 1476 l.
1049 1437 1075 1492 c.
1128 1417 1880 1496 deturhominibus,nenbrutis,ide0quchuman0

311 1511 343 1566 et
364 1506 444 1567 Less.
475 1507 497 1568 l.
526 1511 555 1568 3.
580 1529 604 1571 c.
636 1512 665 1570 ¹1.
695 1508 763 1571 333.
795 1513 842 1571 10.
869 1516 976 1570 contra
1001 1509 1075 1570 Nau.
1128 1511 1222 1571 modo
1262 1510 1301 1572 sit
1327 1509 1496 1590 implenda,
1521 1511 1595 1571 hinc
1626 1509 1767 1590 impletio
1797 1509 1882 1570 03313
1959 1492 1961 1583 l

313 1599 403 1658 licor.
430 1605 487 1660 cte.
514 1601 602 1661 Ratio
616 1608 671 1672 ost,
687 1603 760 1682 quia
787 1607 939 1682 praccepta
956 1607 1080 1662 tantum
1128 1598 1284 1680 praecepti,
1296 1599 1360 1659 sive
1373 1599 1513 1672 humani,
1530 1599 1594 1660 sine
1608 1599 1718 1674 divini,
1730 1597 1819 1660 debet
1830 1615 1881 1658 esec

313 1690 452 1768 obligant
467 1692 504 1752 ad
519 1693 722 1755 substantiam
736 1695 838 1774 operis
846 1693 977 1772 injuncti
987 1713 994 1754 :
1006 1711 1079 1772 ergo
1128 1699 1214 1752 actus
1227 1691 1385 1752 humanus
1405 1691 1587 1770 conjunctus
1599 1709 1670 1752 0333
1684 1690 1831 1766 libertate,
1857 1695 1881 1750 et

312 1782 366 1843 illa
378 1783 478 1863 posita
505 1803 566 1845 non
584 1799 630 1846 est
642 1786 676 1846 in
697 1793 845 1867 potestate
864 1787 1031 1866 operantis,
1045 1792 1081 1847 ut
1128 1783 1286 1845 voluntate
1297 1785 1463 1864 operantis,
1474 1784 1505 1846 id
1520 1789 1614 1856 estut
1623 1783 1708 1856 velit,
1721 1783 1784 1844 sive
1797 1782 1881 1842 inten-

313 1893 377 1936 303
392 1877 564 1938 satisfaciat.
581 1877 753 1958 Necresert,
770 1883 798 1940 1.
815 1879 899 1959 quod
913 1886 997 1940 actus
1015 1898 1079 1940 non
1129 1875 1181 1936 dat
1194 1875 1292 1937 facere
1317 1875 1387 1950 hoc,
1412 1877 1496 1955 quod
1523 1881 1571 1937 est
1583 1881 1787 1956 praeceptum:
1812 1893 1839 1933 n.
1856 1891 1881 1952 g.

314 1973 482 2046 operentur
506 1968 588 2030 ultra
613 1972 818 2032 intentionem
842 1972 976 2050 agentis,
1006 1971 1080 2051 quia
1129 1968 1236 2028 audire
1253 1968 1557 2047 Sacrumjejunare,
1571 1974 1629 2030 ete.
1646 1970 1701 2028 Est
1714 1966 1880 2028 communie.

313 2059 345 2119 id
359 2059 555 2140 intelligitur,
577 2063 701 2141 333330
723 2071 769 2125 cst
789 2065 822 2124 in
837 2070 985 2144 potestate
1005 2082 1079 2144 ope·
1130 2061 1209 2122 Vide
1226 2061 1314 2140 Vasq.
1334 2065 1361 2122 1.
1376 2063 1444 2141 fo.
1462 2061 1529 2122 100.
1546 2068 1605 2122 ert.
1631 2063 1662 2121 9.
1677 2061 1766 2122 Suar.
1781 2059 1882 2122 Sauch.

314 2153 461 2227 3331133.
480 2171 511 2232 g.
526 2155 708 2229 satisfacere,
724 2157 862 2218 331303.
877 2158 939 2218 Ν33
950 2158 979 2218 2.
997 2159 1081 2237 quod
1134 2150 1215 2215 Unde
1225 2152 1415 2214 resolvantur
1429 2153 1462 2214 di
1474 2153 1576 2214 Coeus.
1595 2200 1617 2229 ‚,

314 2244 369 2324 qui
382 2244 473 2305 debet
485 2245 574 2307 alteri
591 2253 727 2324 centum,
749 2268 814 2310 aon
831 2249 994 2310 satisfaciat
1006 2249 1082 2310 obli·
1170 2267 1186 2304 n
1204 2247 1230 2306 1.
1243 2245 1302 2312 Qui
1328 2247 1447 2307 audivit
1461 2247 1589 2308 Sacrum
1608 2246 1760 2323 dieiesto,
1774 2245 1883 2318 ebrias,

314 2337 443 2416 gatiani,
466 2338 492 2398 si
512 2337 632 2401 liberali
657 2341 823 2402 donatione
841 2343 893 2403 det
920 2342 1079 2405 ducentos.
1131 2337 1298 2414 dormiens,
1321 2344 1377 2398 atet
1403 2338 1504 2418 impos
1524 2338 1573 2399 sui
1600 2339 1882 2418 quomodocumque,

315 2430 377 2490 Nec
391 2431 419 2491 3.
446 2430 530 2509 quod
556 2437 628 2493 uoto
651 2434 805 2514 obligatus
832 2435 870 2496 ad
889 2435 1082 2496 recitandum
1132 2435 1187 2492 aut
1212 2431 1344 2506 nescius,
1373 2430 1448 2510 quid
1473 2431 1710 2510 aggrederetur,
1737 2437 1789 2492 aut
1809 2430 1885 2492 ualet

316 2522 493 2600 Rosarium,
518 2525 544 2586 si
566 2526 673 2587 recitet
698 2527 804 2588 animo
831 2545 895 2588 303
918 2527 1080 2606 13313331,
1132 2523 1242 2598 facere,
1257 2529 1380 2584 tenetur
1401 2528 1507 2603 postea
1522 2541 1648 2602 compos
1659 2524 1708 2584 sui
1721 2522 1826 2592 factus,
1839 2541 1883 2582 au-

315 2633 380 2676 non
401 2618 572 2681 satisfaciat.
601 2619 705 2695 Ratio,
739 2620 811 2698 quia
836 2620 885 2680 hee
913 2626 944 2681 et
969 2621 1083 2682 similes
1133 2616 1884 2678 330011333333313.3333.803311.331333.3.
1960 2660 1962 2691 ,

315 2707 520 2788 obligationes
532 2713 719 2793 perveniunt
733 2731 771 2773 ex
785 2713 942 2774 voluntate
952 2713 1082 2794 promit·
1133 2729 1164 2770 a.
1177 2709 1226 2770 32.

314 2803 418 2876 tentis,
434 2805 500 2883 qui,
519 2805 597 2888 sicut
610 2804 650 2865 ab
659 2804 748 2866 initio
758 2805 931 2867 debitorem
943 2825 975 2866 se
988 2805 1084 2866 libere
1173 2823 1188 2860 n
1207 2803 1247 2864 ΙΙ.
1266 2803 1306 2878 Is,
1322 2799 1886 2881 331333131183033313133331133.

315 2891 484 2966 constituit,
515 2895 560 2954 sic
590 2893 623 2953 in
646 2891 749 2953 debito
777 2893 873 2953 libere
900 2911 1084 2973 permanere
1134 2911 1260 2974 prorsus
1275 2893 1426 2956 violenter
1441 2898 1574 2962 coactus,
1591 2911 1657 2954 non
1673 2892 1822 2961 satisfecit,
1836 2909 1888 2952 non
1959 2958 1961 2974 ,

315 2987 428 3062 potest,
444 2984 590 3065 obligatio
605 2991 711 3047 autem
724 2986 852 3065 parendi
870 2987 1086 3066 legiprouenit
1134 2985 1286 3047 enimiuit
1299 2992 1384 3048 actus
1397 2986 1564 3060 tumemus,
1585 2985 1707 3048 defectu
1724 2984 1887 3046 voltmtarii.
1960 2975 1962 3039 l

316 3075 519 3139 exuoluntatc
530 3077 725 3157 legislatoris;
737 3077 867 3157 ideoque
876 3079 1085 3141 contenditur
1134 3079 1224 3158 Vasq.
1244 3079 1332 3142 Suar.
1350 3079 1439 3141 Azor.
1456 3078 1522 3140 Fut.
1539 3097 1589 3139 aa.
1607 3079 1677 3140 313.
1959 3080 1961 3143 l

315 3167 397 3229 ultra
407 3169 473 3248 ejus
485 3171 701 3248 intentionem,
713 3175 744 3232 et
756 3170 959 3248 voluntatem,
973 3190 1085 3252 nempe
1174 3172 1283 3244 allisi,
1303 3190 1422 3253 prorem
1445 3169 1582 3232 violenter
1592 3190 1604 3233 .·
1614 3171 1688 3250 quia
1711 3171 1736 3232 31
1756 3169 1888 3242 1333133,

315 3259 398 3320 ultra
443 3261 649 3324 substantiam
684 3263 786 3344 operis
820 3263 978 3343 praecepti.
1004 3265 1084 3326 Kon.
1135 3269 1307 3343 sagmata
1332 3263 1467 3340 Domini,
1483 3268 1629 3343 eutpuen·
1655 3269 1743 3324 metu
1756 3261 1889 3341 11331313,

316 3367 348 3408 a.
373 3350 443 3419 309.
469 3352 505 3413 V.
534 3353 614 3412 Lesa.
644 3351 665 3412 l.
690 3370 716 3412 c.
740 3358 771 3413 et
786 3353 894 3431 Laym.
910 3353 971 3422 bic,
1005 3353 1086 3416 [fade
1136 3355 1892 3438 3333333331(33103033333311333,31113·

316 3439 507 3504 reacitaretur
516 3452 663 3524 sequenter
680 3462 772 3506 coece.
788 3488 809 3520 ‚‚
1135 3449 1229 3528 gistcr
1242 3447 1369 3530 abesset)
1390 3450 1426 3524 is,
1442 3448 1500 3510 etsi
1522 3465 1667 3528 perversa
1680 3449 1837 3510 uoluntate
1849 3445 1893 3507 illa

358 3578 381 3609 .,
401 3535 560 3612 Sacerdos,
583 3536 849 3616 adlegationes,
864 3553 929 3596 303
943 3551 978 3594 ea
992 3533 1085 3595 devo·
1135 3547 1249 3623 peccet,
1260 3546 1413 3621 33303310
1425 3547 1530 3602 33333
1544 3539 1698 3602 satisfacit.
1717 3541 1818 3613 Retio,
1833 3537 1895 3617 quia
1963 3539 1964 3548 ’

316 3625 412 3702 tione,
426 3647 489 3708 qua
499 3629 609 3706 voluit,
622 3629 754 3708 ideoque
764 3627 935 3709 proposuit,
950 3626 990 3686 ad
1004 3628 1088 3687 satis
1136 3639 1238 3696 metus
1260 3651 1324 3694 non
1346 3633 1427 3695 tollit
1449 3631 1638 3694 libertatem.
1664 3633 1776 3694 Sanch.
1804 3631 1892 3704 Salas,

316 3719 493 3783 faciendum
505 3729 706 3803 praeceptum,
730 3726 882 3801 repetere,
898 3719 955 3780 etsi
976 3719 1086 3780 deinde
1138 3725 1191 3788 loe.
1208 3725 1414 3806 cie.1,aym.t.
1429 3727 1461 3788 2.
1479 3731 1503 3786 t.
1520 3735 1550 3786 t.
1567 3743 1635 3806 cop.
1646 3731 1677 3788 t.
1689 3745 1720 3787 a.
1738 3727 1786 3786 12.

317 3831 382 3874 303
398 3819 525 3895 repetat,
537 3815 681 3878 satisfecit
692 3820 798 3877 tamen
812 3817 977 3896 praecepto,
996 3813 1084 3874 Suar.
1179 3841 1191 3878 e
1231 3819 1282 3880 lll.
1329 3818 1475 3880 Recitans
1509 3819 1608 3880 Horas
1636 3818 1702 3880 sola
1735 3817 1896 3880 intentione

317 3906 396 3968 Koa.
413 3909 497 3988 Lugo
507 3913 563 3969 etc.
584 3955 605 3984 „
1137 3911 1270 3989 legendi,
1287 3910 1337 3971 vel
1349 3909 1537 3987 addiscendi,
1547 3928 1612 3972 303
1621 3911 1782 3986 3311313311;
1797 3909 1898 3970 311333
1963 3937 1964 3974 t

359 4046 381 4074 ‚,
394 4002 437 4062 II.
462 4002 597 4063 Audiens
611 4001 740 4062 Sacrum
761 3999 810 4060 die
824 3998 912 4071 fest0‚
934 3995 1017 4076 quod
1031 3996 1089 4056 scit
1138 4003 1201 4076 ille,
1217 4002 1370 4081 quivadit
1383 4002 1423 4064 ad
1449 4003 1590 4072 Sacrum,
1611 4009 1737 4064 tantum
1759 3999 1899 4063 utoculos
1962 3981 1964 4068 l

318 4092 549 4168 esseultimum,
568 4089 1086 4177 (331313033130331131111333,
1138 4100 1252 4175 paseat,
1283 4112 1355 4156 cum
1382 4093 1668 4174 3103303333,
1692 4096 1743 4158 vel
1773 4095 1900 4174 expectet
1963 4083 1964 4128 1

318 4183 482 4248 intendens
502 4206 567 4248 non
584 4186 689 4248 audire
701 4182 794 4265 aliud)
822 4183 894 4245 licet
920 4181 1089 4242 intenderit
1139 4187 1285 4248 amicum.
1301 4188 1389 4265 Lago
1403 4185 1426 4248 l.
1441 4204 1467 4247 e.
1483 4206 1514 4248 n.
1530 4189 1581 4250 23.
1963 4199 1964 4256 g

319 4294 384 4337 non
396 4279 576 4350 satisfacere,
590 4297 661 4340 vere
672 4285 778 4340 tamen
786 4275 929 4338 satisfecit
936 4279 1088 4353 precepto
1179 4299 1194 4336 a
1222 4279 1276 4339 IV.
1300 4279 1363 4340 Nec
1386 4278 1581 4354 satisfacitis,
1611 4278 1665 4357 qui
1691 4282 1818 4339 tantum
1842 4275 1901 4336 ficte

320 4369 474 4431 audienda
503 4372 612 4448 Missa,
639 4372 695 4434 etsi
720 4369 853 4452 peccarit
879 4373 986 4428 eontra
1013 4365 1090 4426 illud
1140 4369 1314 4441 confitente,
1329 4373 1397 4430 orat
1415 4375 1472 4432 etc.
1499 4371 1572 4450 quia
1587 4388 1652 4432 303
1666 4369 1734 4449 ejus
1746 4369 1842 4440 fictio,
1857 4365 1901 4426 sed

319 4470 521 4544 praeceptum,
550 4467 612 4544 q'uo
635 4465 689 4543 qui
715 4469 838 4525 tenetur
865 4478 929 4522 esse
949 4457 1090 4520 subditus
1139 4480 1227 4542 opus,
1241 4467 1432 4542 praeceptum
1447 4469 1502 4524 est.
1962 4465 1964 4528 l

320 4553 496 4631 legislatori.
514 4558 614 4636 Lago.
631 4555 674 4616 loe
687 4555 736 4618 cit.
756 4602 777 4632 „
1429 4605 1609 4666 &DDFNDA
1962 4537 1964 4620 l

363 4694 384 4724 ,‚
411 4650 468 4710 III.
487 4649 528 4724 13,
539 4649 593 4728 qui
609 4649 738 4709 Sacrum
752 4648 838 4708 audit
853 4647 902 4707 die
917 4645 1003 4720 festo,
1016 4642 1092 4720 legit
1423 4653 1433 4666 ⁶
1529 4651 1537 4666 ¹
1612 4650 1620 4667 ·
1963 4671 1964 4732 j

321 4741 420 4802 Horas
429 4741 607 4816 Canonicas,
618 4741 750 4802 absolvit
760 4738 974 4820 poenitentiam
986 4737 1091 4798 Sacra·
1181 4733 1295 4809 Queat.
1326 4736 1394 4796 115.
1425 4735 1472 4796 Aa
1497 4733 1708 4796 aac'versolito·
1730 4751 1836 4795 eferam
1856 4730 1900 4802 eit,
1918 4735 1964 4802 33

321 4833 500 4911 mentalem,
516 4852 588 4895 cum
597 4833 701 4894 animo
715 4850 779 4893 aon
787 4829 1000 4904 satisfaciendi,
1026 4845 1091 4888 noa
1140 4827 1222 4909 quod
1246 4825 1364 4907 13330
1389 4826 1531 4907 impletur
1547 4831 1746 4907 preceptum,
1758 4824 1901 4908 pectere

321 4932 445 4988 tenetur
465 4933 570 5007 postea
590 4929 712 4987 mutare
726 4924 928 4999 voluntatem,
950 4926 987 4981 ut
1017 4919 1092 4979 velit
1140 4917 1240 4980 deleam
1263 4937 1302 4980 ec
1330 4919 1504 4997 repetitione.
1534 4918 1699 4993 reluctata,
1724 4925 1755 4978 et
1784 4915 1902 4978 libertate

320 5037 377 5100 per
400 5019 576 5100 praecedens
600 5037 678 5099 opus
705 5015 894 5090 satisfecisse,
919 5014 992 5094 quia
1018 5029 1090 5072 vere
1140 5007 1310 5092 operantis?
1324 5011 1414 5090 Resp.
1439 5011 1592 5072 Videntur
1609 5009 1769 5072 affirmare
1801 5013 1900 5070 Aucto·

322 5112 475 5190 satisfecit,
497 5112 644 5189 Sanchez,
660 5110 756 5186 Sales,
772 5106 800 5169 3.
817 5109 847 5169 9.
865 5127 914 5168 aa.
940 5107 990 5166 33.
1005 5105 1091 5182 Lugo
1140 5104 1406 5180 res,etBusemb.
1422 5103 1547 5180 0313133,
1564 5121 1636 5164 cum
1650 5101 1772 5182 quibus
1786 5101 1901 5164 Herium
1963 5181 1964 5194 χ

323 5204 359 5266 de
381 5197 561 5267 3303333.
585 5197 1038 5266 33333130031333333.
1068 5239 1089 5270 ,,
1141 5193 1190 5256 ltie
1212 5193 1242 5254 3.
1270 5197 1345 5256 ba.
1363 5198 1401 5258 36
1421 5195 1511 5268 etiait,
1536 5201 1743 5274 aetum,quo
1772 5194 1902 5275 impletu
1963 5205 1964 5208 ’

364 5298 486 5377 033031
500 5301 611 5378 potest,
625 5297 709 5376 quod
727 5294 839 5367 dicitur
854 5293 926 5369 fleg.
944 5291 994 5350 88.
1009 5287 1093 5348 luris
1142 5287 1355 5366 Praeceptum,
1370 5287 1482 5350 debere
1506 5305 1571 5348 esse
1584 5288 1819 5362 voluntarium,
1834 5291 1860 5348 et
1872 5299 1901 5344 ex

324 5392 357 5452 13
369 5393 399 5452 6.
417 5391 538 5452 Certum
555 5397 609 5459 est,
627 5387 704 5471 quad
728 5385 925 5448 ieeoemm'ttit
940 5383 972 5442 in
989 5381 1091 5462 legem,
1142 5384 1224 5440 certa
1240 5380 1425 5458 cognitione,
1439 5381 1569 5460 ideoque
1584 5380 1684 5451 illum,
1703 5382 1762 5460 qui
1773 5381 1806 5442 13
1816 5377 1900 5440 ebrie

324 5481 465 5566 quilegie
479 5481 772 5562 verbaeompleefeas,
788 5485 886 5540 contro
901 5472 1095 5554 lepe'eaititor
1143 5475 1206 5532 tate
1233 5471 1420 5550 restitueret,
1444 5473 1545 5554 reipsa
1572 5491 1637 5534 uon
1656 5479 1792 5552 poneret
1814 5475 1900 5534 3333

326 5573 518 5638 voluntatem.
532 5575 572 5634 R.
588 5570 1091 5652 83333303133133033330333
1143 5563 1211 5640 lege
1222 5563 1349 5642 justitia
1363 5569 1564 5644 preceptum.
1578 5566 1767 5626 Communis
1778 5565 1826 5626 illa
1844 5579 1898 5622 een·
