3938 6338
662 393 840 467 QUAESTIO
861 391 983 454 ascri.
1558 392 1616 450 ata

55 563 110 623 loco
117 561 411 640 quemWendrokius
421 560 507 637 citat,
517 559 667 620 nimirum
686 559 709 620 l.
721 563 751 621 3.
761 559 799 620 de
849 563 958 619 nactus
977 575 1058 634 sum,
1075 563 1105 618 et
1118 557 1194 619 adeo
1208 555 1501 637 perspicuamsupar
1513 555 1571 616 hac
1584 574 1619 616 re

51 653 164 732 justicia,
178 658 207 714 et
216 653 288 732 jure
301 672 332 734 q.
344 656 374 722 6,
386 657 444 714 art.
456 655 486 713 5.
503 652 546 713 sic
558 657 697 713 mentem
711 669 799 712 suam
849 650 1035 710 sententiam
1054 668 1118 710 esse
1137 649 1279 730 cognovi,
1296 657 1332 708 ut
1351 649 1390 710 de
1413 647 1467 708 illa
1478 647 1620 708 dubitare

53 745 195 824 exprimit:
211 745 251 807 In
259 745 419 825 practicis,
437 763 500 827 qna
510 745 695 823 alianajnra
709 747 801 825 respi·
849 759 941 802 nemo
955 741 1060 821 possit.

54 841 132 910 anm,
150 835 235 915 nefas
248 842 291 898 est
298 839 403 916 judici
417 839 614 914 infirmiorem
628 840 800 916 opinionem
890 835 996 914 Neque
1020 854 1094 896 vero
1109 835 1183 896 tales
1197 833 1243 894 illi
1262 838 1345 910 sunt,
1361 839 1397 894 ut
1410 852 1462 896 cos
1483 834 1620 896 fastidire

51 931 153 990 sectam.
170 929 283 990 Eadem
296 947 386 990 meus
401 934 447 990 est
457 928 678 1005 Panormitam,
694 933 726 988 et
743 928 801 988 Na·
850 927 1029 988 Montaltius
1037 926 1143 1007 possit,
1161 925 1346 1002 etcaussari‚
1360 926 1618 1006 practerSuarem,

52 1020 138 1082 varri:
152 1038 224 1080 uam
233 1021 264 1082 iu
280 1026 407 1083 externo
417 1022 554 1101 quidem,
566 1025 597 1081 et
609 1020 800 1082 contentioso
851 1020 1016 1099 Vasquem,
1031 1019 1215 1093 Valentiam,
1228 1025 1259 1080 et
1272 1018 1348 1080 alios
1359 1019 1490 1080 lesuitas
1504 1020 1622 1099 aliquot

52 1113 156 1186 docent,
171 1115 348 1194 sequendam
363 1133 422 1176 esse
435 1118 608 1194 opinionem
624 1113 723 1192 illam,
739 1129 801 1194 poa
850 1111 1045 1174 mediocriter
1068 1112 1204 1174 eruditos
1225 1111 1275 1172 his
1297 1111 1506 1192 opinionibus,
1531 1112 1620 1192 igno-

51 1205 165 1283 meliori,
180 1211 212 1266 et
232 1207 387 1268 subtiliori
408 1211 528 1268 ratione
545 1209 685 1282 aditam
700 1204 801 1266 sedin
851 1201 927 1264 biles
951 1211 1084 1278 tantum,
1107 1210 1138 1266 ct
1164 1205 1279 1265 nullius
1307 1203 1444 1265 nominis
1470 1204 1622 1266 Oasaistas

49 1295 314 1374 iorocouseicntiaa,
330 1303 360 1358 ct
374 1298 415 1359 ad
428 1297 570 1379 effectam
583 1317 643 1358 nan
651 1297 802 1377 peccandi
851 1295 1022 1358 adhaesisse.
1042 1297 1213 1359 Producam
1227 1297 1311 1358 enim
1330 1295 1519 1357 doctissimos
1533 1297 1621 1376 Epis-

50 1387 125 1449 aliter
141 1389 206 1452 fieri
229 1408 318 1470 posse
331 1390 530 1452 disertissime
547 1395 700 1464 asserunt,
715 1394 751 1450 ut
764 1407 802 1450 ex
852 1405 944 1468 copas
957 1389 1422 1466 clarissimaSorbonaelumina,
1433 1388 1621 1468 praestantis-

48 1481 237 1560 produceudis
272 1501 381 1544 eorum
415 1482 598 1544 testimoniis
632 1481 800 1558 constabit,
851 1479 945 1541 simos
964 1483 994 1542 S.
1021 1482 1149 1542 Thomas
1170 1481 1363 1562 interpretes,
1387 1499 1422 1541 ao
1445 1481 1620 1562 discipulos,

33 1573 146 1659 ¹Quinto
163 1574 336 1654 loquuntur
356 1575 500 1637 nonnulli
523 1569 800 1650 de'Sacramentis,
852 1571 1007 1654 praecipua
1043 1573 1270 1653 Religiosorum
1313 1573 1465 1634 Ordiuum
1498 1574 1620 1648 deeora,

47 1669 73 1725 ct
91 1665 125 1726 de
144 1665 255 1727 mediis
275 1667 315 1727 ad
341 1667 472 1728 salutem
497 1666 685 1743 necessariis,
710 1671 802 1745 atque
854 1665 1070 1727 celeberrimas
1092 1668 1190 1728 Sacrae
1217 1666 1395 1745 Theologiee
1418 1667 1452 1727 in
1470 1665 1622 1728 nobilissi-

47 1755 187 1818 hancesse
203 1759 236 1820 S.
252 1758 421 1838 Augustini
434 1764 571 1822 mantem
584 1759 648 1820 l.i.
665 1759 799 1830 deBapt.
852 1757 913 1817 mis
946 1758 1116 1820 Academiis
1148 1757 1354 1819 Professores:
1383 1757 1478 1818 verbo
1508 1758 1621 1836 dicam,

47 1867 69 1908 c.
82 1856 108 1916 3.
124 1849 227 1932 (quem
245 1870 347 1912 unum
361 1870 399 1913 ex
418 1851 561 1913 Patribus
574 1851 678 1913 locum
696 1856 803 1912 contra
855 1849 1027 1930 Theologos
1041 1850 1212 1930 appellabo,
1228 1868 1266 1911 ex
1280 1848 1393 1930 quibus
1402 1849 1541 1930 plerique
1555 1857 1623 1912 tan·

47 1943 233 2018 posteriorem
244 1946 431 2006 seutentiam
444 1940 800 2026 Wendrokiusopponit)
854 1945 895 2002 tae
922 1943 1052 2022 pietatis,
1082 1962 1118 2005 ae
1144 1942 1291 2005 doctrines
1325 1942 1417 2003 laude
1450 1943 1625 2004 floruerunt

47 2052 79 2094 ex
97 2033 165 2115 ipsis
190 2037 259 2116 ejus
281 2037 384 2098 verbis
406 2037 566 2100 manifeste
591 2038 804 2099 demonstrant
857 2032 1131 2116 (quemadmodum
1158 2054 1197 2097 ex
1227 2034 1366 2115 ipsorum
1392 2034 1499 2114 elogiis
1526 2035 1626 2097 obiter

48 2126 466 2193 urmadointamactna.
480 2130 804 2210 disp.d.sect.t.n.46
854 2126 1026 2188 delibandis
1057 2125 1216 2208 constabit)
1246 2131 1281 2188 ut
1309 2127 1491 2188 illustriores
1522 2127 1626 2189 nullos

46 2217 191 2281 Brmserm
212 2225 236 2280 t.
262 2224 292 2282 3.
315 2222 354 2284 de
376 2222 567 2284 Conscientia
584 2241 612 2282 c.
626 2224 657 2283 9.
678 2227 709 2283 et
726 2222 803 2282 Mat·
855 2218 964 2296 Gallia,
976 2220 1135 2300 Hispania,
1150 2221 1247 2298 Italia,
1264 2219 1414 2299 Belgium,
1427 2221 1626 2300 Europatota

46 2308 114 2372 thius
145 2313 290 2374 Hauzeur
324 2318 400 2376 tom.
443 2319 475 2376 2.
511 2315 668 2395 Epitomes
702 2313 805 2374 Sancti
856 2312 940 2373 hisce
970 2313 1059 2374 annis
1091 2317 1216 2374 centurn
1250 2311 1370 2373 viderit.
1403 2313 1482 2373 Tam
1507 2313 1626 2374 eximiis

44 2401 196 2481 Augustini
220 2406 261 2466 ad
285 2423 359 2466 eum
382 2405 496 2467 locum.
512 2407 661 2486 Loquitur
674 2407 758 2468 enim
771 2406 803 2467 S.
856 2404 1155 2485 Theologisaliquos
1170 2405 1350 2484 adjungam,
1374 2404 1429 2484 qui
1453 2404 1510 2466 etsi
1536 2404 1626 2466 nobis

48 2493 147 2556 beator
159 2496 197 2558 de
207 2497 347 2575 homine,
361 2499 625 2577 quemadmodum
637 2499 703 2579 ipse
712 2499 806 2558 Wen-
856 2497 959 2558 miuus
972 2497 1039 2558 noti
1055 2497 1127 2571 sint,
1144 2497 1228 2577 apud
1247 2515 1318 2558 suos
1332 2502 1439 2558 tamen
1453 2497 1626 2578 plruimum

45 2585 158 2650 drokius
181 2590 341 2665 admonet,
363 2591 417 2669 qui
430 2594 501 2668 jam
523 2590 625 2669 sertor
643 2609 674 2652 sc
688 2595 805 2651 certam
855 2589 1046 2650 auctoritatis
1058 2588 1186 2664 babent,
1202 2589 1351 2650 aciamaa.

44 2691 103 2754 nse,
122 2678 319 2758 Baptismnm
341 2681 373 2740 in
394 2679 534 2742 Ecclesia
549 2680 706 2742 Catlzolica
726 2684 805 2740 recte
896 2681 1128 2742 Observandum
1150 2681 1253 2758 tertio,
1281 2681 1482 2761 posteriorem
1501 2687 1621 2743 senten-

44 2769 155 2850 ancr'pi,
164 2773 219 2832 secl
231 2771 366 2850 dabitat,
384 2778 518 2833 carecta
533 2773 618 2852 apnd
631 2771 806 2832 Donatistas
855 2772 931 2833 tiam
945 2773 1049 2854 (quam
1070 2779 1100 2835 et
1110 2773 1248 2854 priorem
1255 2774 1414 2835 continere
1428 2775 1628 2854 supramoui·

43 2860 243 2940 msnpiatar:
271 2863 310 2924 de
330 2863 383 2924 illo
406 2869 511 2926 autem
532 2863 576 2924 sic
594 2862 803 2944 pronunciat:
856 2863 935 2945 urus)
948 2865 987 2926 ab
994 2866 1139 2927 omnibus
1147 2865 1211 2926 icre
1219 2865 1383 2945 Theologis
1390 2865 1624 2944 recentioribus,

43 2951 75 3010 Si
85 2953 205 3015 dabam
220 2955 344 3016 labaret
353 2973 412 3016 non
425 2955 493 3016 illic
507 2959 587 3016 recte
596 2955 708 3035 accipi,
725 2955 806 3034 qnod
857 2975 935 3036 quos
949 2958 1130 3037 producam,
1144 2976 1209 3018 non
1223 2957 1351 3019 strictim
1364 2963 1498 3032 tantum,
1514 2963 1545 3018 et
1559 2957 1625 3019 obi-

43 3046 72 3102 in
80 3045 212 3109 Ecclesia
228 3047 393 3110 Catholicis
414 3053 493 3108 recte
513 3047 612 3127 accipi
624 3052 738 3107 certam
753 3046 807 3108 Ita·
856 3053 904 3110 ter
915 3049 1042 3110 libatam
1056 3049 1162 3126 fuisse,
1178 3049 1232 3111 sed
1245 3068 1283 3110 ex
1303 3049 1438 3129 professo
1451 3050 1625 3130 diligenter,

43 3135 123 3215 beret,
147 3139 285 3218 praviter
298 3144 441 3218 peccaret
456 3140 490 3200 in
512 3139 600 3200 redas
615 3140 657 3200 acl
678 3138 806 3199 satutem
857 3146 887 3202 et
900 3142 1055 3203 uberrime
1069 3148 1295 3224 pertractatam.
1309 3143 1388 3203 Nam
1406 3142 1545 3224 plerique
1553 3150 1583 3204 et
1594 3144 1627 3204 in

42 3229 138 3290 aalma
152 3231 388 3310 pertinentibus,
409 3233 457 3292 cel
470 3250 504 3293 co
524 3230 599 3309 sala,
619 3231 700 3311 qaod
719 3231 807 3291 certis
856 3233 921 3312 ipsa
936 3235 1151 3315 disputationis
1164 3235 1265 3296 bonta
1279 3237 1503 3297 Controversia.
1513 3240 1627 3298 statum

42 3319 146 3384 racemo
167 3329 367 3404 preponeret.
397 3323 513 3399 Quibus
532 3341 570 3384 ex
592 3322 693 3384 verbis
714 3323 806 3383 etiam
856 3325 1250 3405 inscribunt,eteoutrariae
1263 3328 1417 3408 opinionis
1426 3329 1628 3390 fundamenta

42 3413 147 3494 colligit
181 3417 322 3496 vasquez
335 3416 369 3476 iu
383 3420 412 3478 1.
428 3421 458 3478 2.
474 3416 553 3495 disp.
571 3416 620 3476 63.
642 3432 667 3475 c.
684 3417 714 3474 1.
726 3434 758 3475 n.
774 3418 805 3476 8.
858 3419 964 3479 amnia
978 3427 1168 3501 proponunt,
1184 3438 1291 3500 eaque,
1311 3425 1475 3500 postquam
1485 3421 1628 3501 pluribus

41 3510 146 3585 etpost
160 3508 252 3570 illum
262 3509 349 3570 Salas
357 3508 473 3570 ibidem
482 3512 570 3568 tract.
582 3509 612 3567 8.
624 3506 702 3587 disp.
716 3507 809 3568 unica
858 3513 1049 3590 argumentis
1081 3517 1218 3574 mentem
1256 3530 1344 3573 suam
1372 3513 1626 3594 comprobarunt,

41 3603 107 3659 sect.
123 3603 172 3660 10.
190 3619 223 3660 n.
240 3603 270 3662 a.
291 3601 504 3679 Aapmtimam
517 3617 577 3662 non
592 3599 678 3680 laqm'
689 3600 807 3678 qnando
857 3610 997 3665 accurate
1007 3605 1178 3665 confutant.
1191 3603 1240 3665 Sia
1249 3605 1352 3684 plane,
1366 3609 1401 3664 ut
1410 3605 1490 3666 nibil
1499 3607 1628 3667 omnino

40 3696 101 3752 sant
111 3692 237 3755 atoma
243 3693 407 3772 opiniones,
420 3693 472 3754 scd
479 3691 597 3772 qnando
608 3691 710 3760 denna
715 3691 808 3770 parta
858 3697 939 3774 quod
953 3696 1082 3776 alicujus
1095 3696 1247 3758 momenti
1260 3697 1310 3774 sit,
1329 3716 1365 3758 aa
1378 3698 1534 3777 ponderis,
1552 3717 1626 3760 con-

41 3782 143 3846 dabias
157 3791 202 3847 est
216 3785 271 3866 qai
289 3791 442 3866 operatas,
466 3787 503 3846 de
517 3783 615 3847 altera
629 3789 730 3846 antam
744 3803 807 3846 cer·
856 3792 904 3848 tra
926 3789 1007 3850 hane
1027 3789 1243 3850 senteutiama
1263 3789 1466 3867 Wendrolrio,
1490 3795 1545 3851 aut
1566 3791 1627 3852 alio

40 3879 91 3940 tm.
857 3878 996 3958 quolibet
1015 3880 1146 3960 proferri
1159 3880 1264 3961 possit,
1281 3881 1365 3959 quod
1377 3898 1441 3941 nou
1454 3880 1494 3941 sit
1507 3881 1628 3961 pridem

75 3967 312 4030 Observandum
332 3967 479 4043 secundo,
500 3966 671 4044 Tbeologos
686 3985 804 4046 omnes,
858 3990 877 4032 a
916 3991 1083 4033 numeroso
1118 3972 1357 4033 clarissimorum
1396 3973 1628 4054 Theologornm

39 4059 88 4138 qui
101 4060 142 4121 ab
157 4060 248 4122 annis
264 4059 326 4121 lere
343 4064 470 4120 centum
483 4059 521 4119 de
542 4059 590 4119 bis
604 4059 697 4120 rebus
711 4061 806 4140 scrip·
858 4065 981 4144 agmine
994 4064 1177 4139 luculenter,
1193 4083 1229 4125 ac
1243 4065 1363 4145 copiose
1376 4065 1556 4128 refutatum.

40 4159 151 4224 serunt,
182 4159 270 4214 tanto
291 4170 443 4214 consensu
463 4151 624 4231 utriusque
648 4153 808 4214 sententia
897 4159 1013 4219 Praeter
1026 4162 1166 4218 auctores
1179 4155 1258 4234 illos,
1274 4155 1329 4236 qui
1345 4157 1498 4238 pluribus,
1512 4165 1543 4220 et
1557 4160 1628 4222 data

38 4247 241 4324 patrocinium
263 4245 442 4326 suscepisse,
471 4249 507 4306 ut
538 4251 688 4322 auctores,
717 4263 807 4306 ama
857 4268 953 4329 opera
975 4249 1177 4329 quaestionem
1195 4247 1286 4309 istam
1304 4249 1493 4328 examinant,
1508 4251 1627 4332 aliquos

39 4335 181 4419 deinceps
194 4338 358 4418 allegandi,
376 4354 510 4419 quorum
527 4337 666 4418 plerique
679 4355 806 4399 accura-
856 4343 1036 4422 producam,
1051 4341 1106 4421 qui
1125 4359 1164 4402 ex
1178 4341 1334 4402 occasione
1348 4346 1481 4421 tantum,
1501 4343 1628 4408 disserte

38 4427 808 4510 tissimeeorumomniumnominapercensent,qui
856 4439 974 4511 tamen,
990 4439 1020 4495 et
1040 4433 1194 4513 conceptis
1213 4433 1314 4494 verbis
1337 4435 1478 4497 camdem
1505 4436 1627 4518 opinio-

39 4519 284 4584 Controversiam
300 4523 392 4584 istam
413 4523 581 4602 agitaruut,
595 4539 695 4583 unum
711 4521 808 4583 dunta
857 4545 931 4588 nem
945 4528 1066 4588 docaut.
1089 4526 1246 4592 Quosdam
1267 4525 1361 4588 ctiam
1376 4527 1556 4610 adjungam,
1573 4531 1628 4610 qui

39 4613 808 4693 ratexrcceutioribusTheologisuoulesuitisdn-
858 4619 896 4680 de
914 4618 1047 4680 finitima
1068 4623 1190 4680 tantum
1210 4620 1380 4698 quastione
1398 4622 1627 4699 pronunciaut;

40 4707 161 4770 touium
180 4709 269 4770 Perez
279 4706 685 4788 Benedictinumappellent
701 4707 755 4786 qui
768 4706 807 4768 ab
858 4712 911 4772 sed
925 4728 1020 4791 quam
1031 4710 1083 4772 vel
1095 4709 1160 4790 ipse
1174 4711 1356 4772 Montaltius
1370 4711 1447 4772 nihil
1460 4713 1630 4775 admodum

38 4797 103 4860 aliis
125 4805 297 4880 nte-umque
319 4799 489 4876 dissentiat,
510 4804 540 4860 et
562 4798 695 4860 admissa
713 4798 809 4879 priori
858 4807 995 4863 anostra
1008 4802 1181 4883 discrepare
1192 4801 1353 4879 fatebitnr3
1365 4802 1511 4865 videlicet
1524 4813 1630 4868 atram

39 4891 197 4970 opinione,
216 4891 419 4973 posteriorem
432 4892 605 4972 impugnet.
629 4890 685 4951 Cui
698 4908 730 4951 se
744 4910 809 4951 nou
864 4892 1067 4974 t‘onsessarins
1081 4895 1187 4956 debeat
1200 4895 1352 4957 absolvere
1360 4895 1566 4974 paenitentem,
1576 4900 1630 4979 qai

37 4979 79 5042 ita
92 4983 217 5064 pridem
236 5003 375 5065 nuperus
397 4984 534 5063 quidam,
554 4983 809 5064 planequeigno·
859 5005 921 5048 non
938 4985 1188 5067 probabiliorem,
1203 4988 1255 5048 scd
1270 4987 1462 5067 probabilem
1477 4989 1631 5054 damasci

38 5078 87 5136 tus
111 5077 243 5158 scriptor
265 5077 323 5140 sub
349 5077 497 5138 ementito
518 5076 648 5137 Candidi
671 5075 810 5138 Pbilalcti
858 5079 1031 5159 opinionem
1043 5079 1192 5160 seqnitur.

37 5161 315 5231 uomiue'¹dicitur
338 5168 524 5248 adjunxisse.
548 5169 594 5228 Ex
611 5173 698 5229 tanta
715 5185 809 5248 porro

38 5259 202 5340 utriusque
224 5260 379 5341 opinionis
398 5259 594 5322 defensorum
612 5259 810 5322 multitudine

40 5365 91 5414 aas
119 5353 273 5416 duntaxat
297 5351 468 5434 appellabo,
497 5371 633 5433 quorum
660 5365 691 5416 at
716 5372 811 5435 opera

74 5567 87 5620 1
108 5568 182 5630 uss,
199 5581 250 5633 qua
263 5567 291 5619 sd
305 5565 599 5634 aputnrralnoabiaas.
