3964 6348
690 409 740 471 DE
760 407 1029 472 CONSCiENTlA.

78 571 213 634 accedunt
225 589 304 632 nova
313 571 439 650 motiva,
451 573 497 634 uti
510 577 669 636 ostensum
681 580 727 636 est
740 593 828 637 mim.
850 595 853 602 ·

78 665 141 726 dli.
170 665 206 724 Et
235 665 373 743 quamvis
398 665 479 726 nihil
510 668 691 728 mutationis
718 667 773 729 ilat
797 669 830 730 in

77 755 196 835 ohJecto,
224 757 831 840 iamenjamapplieaturnobistauquam

77 853 150 910 certo
162 848 374 929 licitumponi,
387 850 546 912 licetlorte
558 870 613 931 per
633 853 771 918 accidens
792 854 831 914 sit

77 941 145 1003 inse
158 940 306 1002 illicitum.

13 1015 57 1082 349
109 1033 180 1096 imi.
194 1037 223 1094 l.
236 1035 333 1096 Nemo
347 1040 393 1098 est
406 1041 518 1113 certus
534 1037 617 1116 quod
631 1037 703 1099 satis
714 1037 829 1100 exami-

75 1128 148 1189 mrit
159 1128 343 1204 sententias;
367 1130 450 1208 quod
458 1129 575 1208 judicet
588 1131 654 1190 sine
667 1131 808 1210 passione
821 1149 828 1190 ε

74 1219 149 1299 quod
171 1221 264 1282 homo
285 1240 303 1282 a
326 1239 358 1282 se
386 1223 543 1283 consultus
564 1223 602 1283 sit
621 1225 748 1304 peritus,
777 1227 832 1284 aut

74 1313 369 1392 smeererespondeat
382 1321 439 1376 cte.
451 1316 494 1377 ita
504 1317 628 1376 Gonzal.
640 1315 671 1376 d.
679 1319 727 1378 lt.
739 1335 768 1377 n.
778 1319 828 1378 55.

74 1405 105 1465 R.
129 1406 178 1466 est
195 1406 269 1466 satis
289 1411 391 1467 cortus
413 1409 583 1485 moraliter,
612 1409 667 1470 scit
683 1411 768 1471 enim
799 1428 831 1470 se

73 1496 232 1558 humanam
245 1498 419 1560 adhibuisse
433 1499 645 1580 diligentiam
672 1501 830 1582 experitur

72 1607 99 1650 se
110 1589 188 1651 bona
199 1591 261 1652 fide
281 1593 462 1672 procedere3
479 1594 534 1655 scit
546 1595 732 1672 consultum,
745 1613 829 1657 corn-

71 1683 197 1744 muniter
210 1684 320 1745 haberi
336 1685 482 1764 peritum,
498 1690 529 1747 et
543 1688 724 1748 temerarius
737 1689 826 1763 foret,

72 1774 139 1838 side
152 1775 357 1864 insinceritate
372 1779 588 1859 suspicaretur.

110 1866 196 1949 Urget
204 1871 357 1950 Camargo
370 1869 392 1932 l.
403 1875 432 1932 ἓ.
444 1879 534 1935 contr.
550 1879 609 1936 ta
624 1893 653 1934 n.
666 1873 831 1956 tiliismip-

72 1963 143 2035 tura,
164 1967 194 2023 et
218 1962 276 2024 SS.
294 1963 351 2025 PP.
369 1963 587 2028 commendant
600 1965 745 2027 timorem
759 1985 829 2047 peo-

72 2053 123 2114 cati
144 2053 176 2114 in
197 2056 287 2117 omni
314 2075 407 2138 opere
434 2062 552 2128 nostro,
586 2058 692 2120 dicunt
715 2059 830 2140 ubique

72 2161 128 2207 csse
151 2147 298 2228 pericula,
327 2167 457 2226 errores,
486 2149 676 2229 ignorantias
700 2157 758 2213 etc.
791 2153 828 2212 E.

72 2245 167 2300 contra
192 2241 433 2320 probahilismus
463 2243 552 2304 docet
580 2250 761 2323 operantem
792 2263 831 2306 ex

71 2329 203 2410 opinione
231 2333 386 2414 probabili
405 2352 469 2396 esse
493 2342 612 2397 certum
636 2357 667 2398 se
681 2355 746 2398 non
760 2357 832 2418 poc·

71 2441 140 2500 care,
155 2430 185 2486 et
197 2441 354 2503 securum,
371 2445 444 2506 ergo
454 2427 693 2508 probabilismus
708 2449 771 2490 non
787 2436 832 2492 est

71 2517 223 2579 conformis
253 2519 430 2599 Scripturas,
455 2531 486 2580 et
511 2521 567 2582 SS.
592 2521 651 2584 PP.
676 2523 748 2584 Haec
766 2523 832 2606 ipsa

70 2607 165 2679 insius,
183 2613 213 2671 et
236 2611 458 2673 contentiosius
466 2617 557 2692 urget
570 2633 588 2674 a
602 2631 632 2675 n.
650 2617 746 2676 lthet
759 2617 829 2678 tur.

71 2697 148 2782 liesp.
171 2703 282 2764 Merito
304 2703 517 2765 commendari
534 2706 679 2768 timorem
704 2708 829 2788 peccati,

71 2797 97 2853 et
108 2793 204 2855 allerri
218 2795 368 2876 pericula,
386 2805 443 2858 etc.
461 2802 487 2857 t.
506 2797 585 2864 Quia
608 2817 664 2879 per
690 2805 832 2862 nostrum

71 2883 210 2949 dictamen
236 2889 408 2969 practicam
432 2889 616 2970 plerumque
639 2911 704 2952 non
723 2911 832 2954 snmus

70 2979 121 3040 nisi
131 2983 288 3042 moraliter
298 2981 418 3043 eertido
429 2985 567 3064 eo,quod
581 3001 646 3045 non
655 3003 829 3065 peccemus.

70 3071 194 3134 addixi
221 3093 254 3135 n.
285 3077 335 3135 50.
365 3075 476 3136 morali
517 3081 620 3138 autem
656 3079 832 3140 certitudini

70 3167 158 3242 potest
189 3165 332 3228 absolute
355 3167 478 3229 subesse
502 3169 624 3234 falsum.
655 3172 685 3231 ἓ.
716 3173 829 3247 Passio,

70 3257 112 3317 rel
133 3258 322 3339 negligentia
337 3259 437 3340 potuit
451 3261 567 3324 dedisse
582 3281 706 3325 causam
721 3265 828 3342 errori,

70 3349 116 3427 qui
128 3352 258 3430 proinde
273 3353 409 3414 nouerit
426 3351 628 3436 inculpabilis.
641 3359 671 3416 3.
687 3358 831 3431 ernmris

70 3441 129 3520 ipris
150 3445 292 3508 rideatur
318 3443 377 3507 sibi
402 3446 536 3509 formare
550 3448 717 3510 dictamina
735 3455 828 3528 certa,

71 3533 139 3596 torte
153 3535 369 3599 intercurrunt
384 3539 488 3614 dubia,
502 3548 533 3602 et
547 3561 610 3602 uon
625 3542 697 3603 satis
719 3543 831 3604 sorma-

70 3632 114 3688 tur
123 3631 321 3692 conscientia.
332 3633 362 3692 l.
379 3631 481 3694 Potest
494 3633 629 3696 defectus
640 3635 785 3715 Baptismi
797 3635 830 3696 in

71 3737 124 3798 me,
141 3721 189 3784 vel
202 3723 366 3803 potestatis
376 3724 408 3784 in
423 3725 566 3787 Ministro
582 3727 730 3806 impedire
744 3728 829 3788 valo-

70 3825 129 3874 rem
142 3815 424 3878 Sacramcntorum.
441 3819 471 3878 5.
487 3817 590 3879 Potest
601 3819 724 3880 aliunde
737 3839 831 3898 prava

70 3901 190 3970 intentio
216 3927 250 3970 sc
276 3909 430 3971 subtiliter
455 3908 610 3989 ingerens,
636 3912 685 3972 vel
703 3912 763 3972 alio
778 3913 833 3973 cir-

72 4002 247 4063 cumstantia
260 4001 371 4063 vitiare
392 4008 512 4064 nostras
527 4003 672 4065 actiones.
689 4007 719 4066 6.
742 4005 832 4068 Forte

72 4092 178 4172 opinio,
195 4113 292 4175 quam
313 4113 436 4174 sequor,
452 4113 517 4156 non
531 4103 576 4157 est
590 4103 674 4158 certo
688 4095 832 4178 probabi-

70 4181 112 4260 tis,
135 4206 208 4249 nam
223 4187 349 4250 difficile
369 4193 414 4250 est
428 4189 611 4259 discemere,
629 4191 676 4250 uti
694 4191 787 4252 dixio
801 4209 831 4252 n.

72 4277 133 4340 rso.
149 4285 178 4342 et
197 4299 280 4362 saepe
302 4282 558 4361 concupiscentia,
575 4301 664 4344 arnor
678 4283 832 4364 proprius,

71 4367 147 4432 bans
160 4372 312 4435 daemonis
323 4373 429 4435 laicum
442 4375 514 4436 facit
538 4373 695 4437 intellectu
710 4378 747 4438 de
759 4396 833 4457 pro-

73 4553 145 4618 dicta
157 4579 187 4618 n.
205 4559 254 4620 52.
277 4567 308 4621 et
323 4563 373 4622 53.

18 4645 54 4709 dt)
109 4645 198 4728 Odjic.
209 4649 239 4710 6.
256 4651 394 4729 Operans
406 4649 577 4711 secundum
594 4649 698 4710 minus
719 4647 834 4731 proba-

1592 407 1646 467 351

880 575 972 636 lectu.
988 573 1024 635 R.
1050 577 1078 634 l.
1095 573 1328 652 Retorqnendo,
1343 571 1369 633 si
1383 571 1548 634 erratione
1562 575 1651 632 natu-

880 667 938 728 rali
960 685 1025 728 non
1046 667 1085 727 sit
1100 672 1220 728 certum
1234 665 1301 727 dari
1315 665 1497 726 Trinitatem
1517 664 1550 725 in
1570 666 1649 736 Deo,

880 778 954 839 crgo
974 779 1039 820 non
1065 765 1112 821 est
1131 758 1311 839 simpliciter
1334 764 1453 819 certum
1475 761 1533 818 etc.
1559 757 1594 818 a.
1619 759 1650 822 ἢ.

881 853 969 913 Idem
981 853 1095 929 valere,
1105 852 1128 913 si
1140 851 1275 930 opereris
1282 852 1373 913 etiam
1380 869 1418 912 ex
1432 849 1649 932 probabiliore,

881 944 930 1005 vel
939 944 1194 1024 probabilissima.
1212 945 1248 1006 R.
1264 947 1295 1004 3.
1310 961 1382 1024 neg.
1400 961 1463 1023 seq.
1480 942 1553 1023 quia
1563 942 1652 1004 sicuti

881 1037 1032 1098 certitudo
1052 1037 1210 1098 Trinitatis
1225 1055 1289 1098 non
1305 1036 1419 1116 petitur
1436 1055 1474 1097 ex
1493 1035 1652 1116 principiis

882 1130 1084 1204 naturalibus,
1102 1131 1154 1191 sed
1169 1149 1207 1190 cx
1219 1129 1376 1210 principiis
1386 1129 1458 1190 fidei
1472 1147 1650 1209 supponen-

880 1222 962 1284 tibus
977 1223 1168 1303 cognitiones
1183 1221 1349 1298 naturales,
1365 1223 1408 1282 ita
1421 1221 1650 1283 certitudocon-

881 1317 1015 1377 scientiae
1043 1334 1107 1377 non
1134 1317 1244 1376 nititur
1274 1313 1501 1395 cognitionibus
1531 1315 1652 1376 directis

880 1411 1029 1488 tanquam
1043 1409 1227 1488 praemissis,
1243 1427 1319 1488 quas
1330 1407 1463 1469 affirmet
1478 1425 1583 1485 veras,
1599 1409 1652 1470 sed

878 1505 1003 1562 tantum
1025 1501 1155 1562 reflectit
1178 1520 1210 1562 se
1230 1519 1321 1581 supra
1341 1519 1392 1562 eas
1412 1507 1562 1580 tanquam
1577 1501 1654 1562 exis

879 1597 979 1656 tentes
993 1593 1102 1655 saltem
1116 1593 1285 1671 objective,
1301 1594 1435 1673 qualiter
1447 1593 1575 1654 existere
1586 1610 1651 1652 cer-

879 1689 948 1747 tum
962 1692 1018 1762 est,
1035 1687 1082 1749 uti
1096 1685 1316 1767 explicavimus
1330 1706 1360 1748 n.
1381 1689 1438 1748 306
1453 1695 1477 1746 ⁶.

921 1789 934 1816 “
957 1779 1073 1856 Quaerit
1098 1779 1146 1841 tric
1166 1780 1295 1840 Concino
1315 1776 1543 1840 admirabundus
1564 1779 1599 1846 T,
1620 1777 1651 1838 2.

880 1891 950 1952 app.
980 1891 1011 1952 p.
1038 1873 1108 1934 ote.
1132 1873 1241 1933 Nonne
1263 1869 1571 1951 praemissaedirectea
1585 1889 1653 1936 era-

880 1963 959 2025 dunt
972 1965 1128 2044 objectum
1139 1963 1322 2044 cognitionis
1333 1961 1479 2024 cellense?
1490 1961 1653 2038 aniitum?

882 2057 1110 2138 Quitgtturnon
1124 2057 1193 2138 plus
1203 2057 1340 2118 inlluunt
1351 2055 1519 2136 praemissae
1531 2054 1654 2116 directa

879 2149 913 2210 in
946 2149 1154 2229 cognitionem
1181 2151 1350 2222 reflexam,
1395 2166 1490 2228 quam
1518 2148 1654 2208 rationes

880 2243 1036 2302 naturales
1053 2243 1086 2302 in
1110 2243 1248 2321 biysterii
1269 2239 1427 2302 Trinitatis
1449 2241 1543 2300 fidem
1562 2239 1577 2300 ‘i
1596 2239 1655 2301 Sed

880 2331 1022 2394 edidicit
1035 2333 1200 2410 Lo-Croir,
1217 2353 1281 2394 non
1292 2333 1501 2414 plusinssuere
1514 2332 1652 2412 praemis-

880 2443 928 2486 sas
942 2427 1074 2487 directim
1094 2425 1353 2505 incognitionem
1370 2425 1536 2501 reflexam,
1559 2442 1653 2503 quam

879 2519 1015 2580 rationes
1036 2519 1192 2580 naturales
1217 2519 1250 2578 in
1277 2517 1417 2598 blysterii
1431 2517 1589 2578 Trinitatis
1615 2517 1652 2577 fi-

880 2609 974 2671 dem?
987 2609 1061 2672 libi?
1072 2607 1252 2672 certatorum.
1270 2608 1435 2690 Conrporot
1446 2607 1654 2672 dubi-Croton

880 2721 938 2762 non
960 2703 1098 2784 ligeterii
1123 2701 1280 2763 Trinitatis
1298 2700 1386 2783 fidem
1402 2721 1468 2762 cum
1489 2701 1654 2783 cognitione

881 2793 1014 2874 reflexo,
1029 2794 1078 2856 sed
1097 2793 1312 2856 certitudinem
1329 2793 1492 2854 Trinitatis
1508 2813 1575 2854 cum
1593 2813 1654 2855 cer-

882 2886 1009 2948 titudine
1031 2887 1231 2964 conscicniice,
1257 2893 1344 2968 atquc
1357 2887 1409 2958 ait,
1435 2885 1510 2948 lanc
1523 2907 1580 2948 non
1595 2887 1654 2947 niti

881 2979 1091 3060 cognitionibus
1106 2978 1228 3040 directis
1243 2983 1277 3039 ut
1298 2979 1387 3054 neris,
1413 2977 1653 3060 quemadmodum

883 3070 940 3132 iiia
954 3091 1012 3133 non
1026 3073 1137 3133 m'tttur
1147 3072 1319 3154 principiis,
1335 3071 1548 3134 sacrationibus
1562 3078 1652 3134 natu-

881 3164 1000 3225 ralibus.
1023 3164 1092 3226 Jom
1117 3183 1182 3226 nero
1201 3163 1261 3226 liceo
1283 3165 1398 3246 peritos
1420 3165 1569 3226 uerissima
1590 3171 1651 3239 est,

881 3277 948 3318 nam
963 3257 1032 3319 ticet
1047 3258 1214 3339 praemissis
1226 3255 1347 3318 directe
1365 3263 1401 3318 ut
1415 3259 1579 3320 existentes
1597 3258 1654 3318 sol-

880 3353 944 3410 tem
976 3349 1123 3429 objectiva
1150 3349 1274 3411 evadam
1303 3349 1447 3431 objectum
1478 3350 1655 3432 capitationis

881 3441 1248 3523 restece,ocsicinltucnt
1257 3443 1488 3524 incognitionem
1497 3442 1651 3522 restarem,

882 3553 938 3597 rwn
960 3539 1029 3596 sunt
1052 3540 1149 3596 tamen
1162 3542 1197 3596 ut
1215 3555 1297 3596 verae
1316 3535 1459 3616 objectum
1481 3533 1656 3616 cognitionis

885 3626 1026 3708 relicere,
1042 3647 1132 3709 neque
1146 3627 1205 3688 hoc
1219 3628 1311 3689 modo
1328 3627 1398 3708 ptus
1412 3627 1543 3708 influunt
1564 3633 1596 3688 in
1610 3647 1655 3688 co-

883 3720 1047 3801 gnitionem
1061 3719 1221 3799 reflexam,
1236 3739 1284 3781 scu
1295 3725 1393 3800 potius
1403 3720 1433 3780 in
1444 3717 1654 3780 certitudinem

882 3813 1076 3889 conscientiae,
1093 3832 1182 3894 quom
1200 3809 1348 3874 naturales
1362 3811 1490 3873 rationes
1509 3815 1540 3873 in
1555 3811 1581 3872 T
1579 3812 1655 3872 rini-

883 3909 955 3966 tatis
969 3902 1188 3965 certitudinem.

921 3997 997 4058 Insr.
1022 3999 1052 4058 ἢ.
1073 3998 1129 4057 Est
1141 4003 1243 4058 certus
1259 3997 1297 4057 dc
1320 3995 1438 4074 majore
1452 3994 1652 4076 probabilite,
1681 4022 1739 4085 352

882 4089 966 4170 quod
980 4089 1137 4168 objectum
1150 4088 1189 4150 sit
1198 4089 1352 4165 illicitum,
1366 4106 1439 4166 crgo
1452 4107 1516 4148 non
1531 4093 1576 4148 est
1588 4107 1653 4148 cor-

882 4189 933 4243 tus
946 4199 1010 4244 essa
1028 4181 1158 4242 licitum.
1184 4180 1272 4261 Conf.
1294 4199 1369 4242 nam
1383 4181 1409 4241 si
1423 4185 1525 4241 certus
1538 4181 1598 4243 sim
1617 4181 1655 4242 de

882 4275 1000 4354 majore
1014 4273 1248 4354 probabilitate,
1265 4273 1348 4354 quod
1362 4273 1517 4352 objectum
1538 4274 1578 4334 sit
1596 4275 1655 4335 im·

882 4367 1041 4448 possibile,
1069 4386 1133 4428 non
1149 4384 1275 4447 possum
1291 4383 1355 4428 esse
1378 4371 1499 4442 certus,
1516 4365 1600 4445 quod
1618 4367 1657 4428 sit

71 4457 219 4528 habilitate
257 4467 412 4547 opinionis
449 4467 611 4548 judicanti.
637 4469 714 4530 vide
742 4470 835 4530 etiam
883 4459 1044 4540 possibile,
1060 4477 1135 4538 ergo
1149 4459 1292 4520 similiter
1305 4459 1371 4535 hio,
1386 4459 1431 4520 ita
1443 4461 1538 4520 Gonz.
1555 4477 1586 4519 n.
1605 4461 1655 4520 sn.

884 4555 920 4615 R.
935 4553 962 4614 1.
976 4555 1113 4633 Operans
1122 4553 1292 4613 secundum
1300 4551 1540 4632 probabiliorem
1551 4551 1657 4612 faven-

884 4653 948 4709 tem
960 4645 1095 4707 libertati
1110 4651 1216 4706 oontra
1229 4644 1342 4723 legem,
1360 4649 1405 4705 est
1419 4649 1520 4706 certus
1534 4644 1572 4705 dc
1585 4663 1657 4724 pro-

73 4729 160 4796 bilem
178 4735 302 4816 judicat
331 4738 488 4816 obJ'ectum
519 4757 582 4800 suae
614 4741 743 4801 actionis
771 4757 836 4801 esse
886 4739 1065 4812 habilitate‚‘
1079 4737 1161 4818 quod
1183 4737 1338 4816 objectum
1352 4737 1391 4796 sit
1405 4736 1564 4813 illicitum,
1585 4756 1658 4817 ergo

73 4827 167 4904 potius
180 4829 334 4905 illicitum,
351 4849 424 4911 ergo
440 4850 505 4892 non
520 4838 566 4892 est
580 4836 681 4892 certas
703 4851 734 4894 se
755 4831 837 4893 licite
886 4837 1011 4893 nonest
1029 4837 1130 4892 certus
1149 4847 1214 4891 esse
1232 4829 1363 4890 licitum.
1391 4829 1427 4890 R.
1453 4831 1483 4890 ἓ.
1511 4830 1660 4909 Spectatis

73 4921 344 5002 serranianus
357 4924 837 5005 cssepotiusillicitum,spectatis
887 4925 1015 5006 praecise
1040 4923 1198 5005 principiis
1228 4923 1372 4992 clireotis,
1400 4940 1487 4983 conc.
1520 4923 1660 5002 spectatis

73 5014 191 5089 praecise
201 5015 360 5097 principiis
370 5017 504 5093 directis,
521 5037 607 5080 conc.
620 5017 753 5095 retlexis,
762 5037 834 5097 neg.

74 5111 145 5180 ant,
160 5111 191 5170 et
203 5125 287 5170 cons.

20 5187 51 5256 br
108 5195 179 5260 Insa
198 5201 227 5262 l.
243 5201 275 5262 Si
289 5199 369 5263 actio
382 5219 444 5263 non
457 5208 503 5263 est
516 5209 598 5264 certo
608 5201 692 5264 licita
705 5217 744 5264 ex
753 5199 839 5283 prin-

887 5017 981 5079 ctiam
991 5016 1125 5093 cellesis,
1141 5033 1210 5094 neg.
1229 5033 1313 5076 cons.
1329 5013 1379 5075 An
1388 5012 1475 5094 Coss.
1491 5032 1562 5093 neg.
1578 5013 1659 5094 pari-

887 5115 995 5184 tatem,
1012 5109 1112 5189 major
1125 5107 1326 5188 probabilitas
1339 5111 1418 5168 esset
1432 5107 1470 5167 de
1485 5105 1660 5186 impossibi-

888 5202 974 5263 litate
989 5202 1024 5262 in
1046 5219 1078 5263 se
1091 5220 1110 5262 a
1130 5207 1217 5280 parte
1232 5202 1295 5277 rei,
1320 5202 1351 5260 ot
1364 5197 1515 5260 certitudo
1530 5205 1609 5260 essct
1623 5199 1660 5260 de

74 5285 155 5368 titiis
167 5291 310 5370 directis,
333 5311 406 5373 ergo
422 5293 602 5374 simpliciter
616 5314 682 5356 non
696 5299 838 5356 estcerto
887 5294 1087 5376 possibilitate
1112 5293 1206 5354 etiam
1228 5291 1262 5353 in
1286 5309 1318 5353 sa
1340 5309 1359 5352 a
1381 5297 1466 5370 parte
1492 5291 1555 5368 rei,
1578 5291 1661 5372 qnod

74 5379 166 5461 licita,
186 5383 298 5447 adhoc
312 5385 396 5447 enim
410 5385 579 5466 requiritur
593 5405 658 5449 esse
672 5391 756 5449 certo
770 5387 839 5448 lici·

888 5391 994 5468 aperto
1008 5387 1161 5466 implicat,
1185 5402 1256 5445 eum
1273 5383 1424 5445 certitudo
1442 5382 1535 5445 abdat
1549 5384 1660 5464 proba-

73 5475 134 5538 tem
157 5495 195 5538 cx
212 5477 359 5539 omnibus
379 5477 558 5558 principiis,
574 5479 647 5560 quia
660 5477 779 5541 bonum
794 5485 840 5541 ost
889 5479 1040 5541 bilitatem
1064 5478 1145 5541 circa
1164 5476 1264 5552 idem;
1286 5482 1424 5538 econtra
1437 5473 1537 5554 major
1548 5477 1660 5557 proha·

75 5577 109 5626 er
130 5563 250 5650 integra
266 5585 377 5646 carisa,
397 5570 567 5634 etmalum
586 5587 624 5633 err
637 5571 774 5651 quolibet
786 5572 838 5634 de-

890 5569 990 5634 bilitas
1006 5589 1059 5652 pcr
1070 5567 1186 5650 judicia
1204 5569 1318 5630 directa
1337 5574 1382 5630 est
1396 5569 1434 5631 dc
1452 5567 1559 5630 illicito
1573 5569 1608 5631 in
1630 5589 1662 5632 se
