3938 6338
319 414 380 474 2511
862 413 895 472 P.
920 410 1109 472 STEPHANl
1134 411 1184 472 DE
1205 411 1361 474 ctttMPs

321 581 423 646 Quam
436 580 470 640 in
484 595 551 640 rem
562 579 634 640 citat
654 580 837 653 Navarrum,
867 582 897 638 et
919 576 1084 638 Medinam.
1136 583 1219 638 extet
1232 583 1421 658 praeceptum
1433 579 1582 658 sequendi
1595 578 1768 659 opinionem
1785 581 1866 660 proba·

319 674 400 734 Tum
431 673 560 733 alteram
593 671 822 733 conclusionem
849 669 937 749 ponit
963 669 996 729 in
1021 669 1088 730 baeo
1136 669 1289 744 bilibrem,
1316 671 1424 732 relicta
1449 691 1495 747 ea,
1525 690 1594 751 quae
1613 672 1713 732 solum
1735 671 1867 752 probabitis

319 765 430 826 uerba:
447 764 584 826 Secunda
596 764 777 846 propositio:
794 761 935 824 Sacerdos
946 762 1005 822 sire
1012 779 1086 843 pro·
1136 767 1192 838 est,
1208 767 1244 822 ut
1256 763 1353 824 insius
1368 765 1640 844 supradoouimus.
1653 811 1674 842 „

314 857 416 938 prim,
436 857 498 918 sire
511 857 672 937 delepatas,
681 863 982 936 potestcontrasaam
995 855 1088 934 ipsias
1177 855 1358 917 Doctoribus
1382 857 1558 918 Sorbouiois
1582 857 1710 936 abjungi
1732 856 1810 918 debet
1828 859 1869 918 lu·

319 950 487 1030 opinionem
505 949 645 1011 absolcerc
662 949 838 1028 panitentcs
852 965 922 1027 qaas
935 945 1013 1008 ridet
1032 965 1088 1008 essa
1136 947 1262 1008 dovicus
1282 949 1348 1009 Dail
1373 950 1567 1026 Parisiensis,
1591 956 1622 1012 et
1645 951 1708 1031 ipse
1732 949 1870 1012 Academia

324 1043 355 1103 in
382 1042 518 1122 opposita
541 1047 696 1116 sententia,
724 1040 793 1102 licet
816 1040 912 1100 crinas
935 1044 1026 1116 cata,
1054 1057 1088 1098 ac
1136 1042 1248 1102 Doctor
1261 1042 1447 1122 Theologus,
1469 1043 1524 1123 qui
1535 1043 1594 1103 etsi
1607 1043 1800 1122 quaestionem
1810 1042 1871 1104 banc

322 1139 399 1208 tata,
424 1133 580 1200 darnarodo
606 1153 639 1194 ea
663 1132 893 1212 adprobabile,
929 1129 1088 1212 habeatque
1136 1151 1174 1193 ex
1201 1133 1336 1214 professo
1364 1153 1428 1195 non
1452 1139 1573 1210 mactet,
1607 1134 1765 1196 maniieste
1790 1139 1873 1196 ιιιιιι

319 1226 567 1308 alr'qamaactores
581 1225 747 1301 ratbolicos,
762 1225 929 1306 acperitos.
954 1225 1088 1303 Proque
1135 1227 1319 1287 sententiam
1332 1227 1425 1287 istam
1447 1226 1644 1306 amplectitur
1661 1226 1716 1287 tib.
1732 1227 1767 1287 de
1784 1227 1873 1305 tripbci

319 1319 514 1380 conclusione
527 1319 640 1398 allegat
653 1319 835 1390 Navarrum,
850 1323 880 1377 et
893 1317 1087 1378 Dominicum
1135 1319 1277 1380 examine
1291 1324 1371 1398 part.
1392 1336 1414 1378 1.
1433 1325 1541 1399 qrraest.
1556 1321 1606 1380 13.
1627 1336 1696 1399 pag.
1715 1320 1780 1394 20¹1,
1797 1319 1874 1380 tertia

242 1428 252 1446 ·
321 1411 406 1472 Sota.
1136 1409 1287 1471 editionis.
1317 1410 1467 1487 Quamvis,
1506 1412 1618 1490 inquit,
1640 1410 1729 1471 malti
1751 1411 1875 1472 animra-

358 1504 497 1565 Andreus
511 1502 671 1576 Duvalius,
686 1501 734 1561 ιιι
757 1500 905 1579 singulari
917 1500 1041 1579 pietate,
1057 1507 1087 1562 et
1135 1502 1203 1562 liter
1215 1501 1332 1564 doceant
1355 1503 1539 1563 securitatem
1552 1503 1701 1564 sententia
1718 1503 1809 1563 minas
1822 1523 1877 1584 pm

319 1585 470 1672 doctrina,
485 1601 618 1656 tractatu
637 1595 675 1654 de
688 1593 836 1654 humanis
846 1591 964 1652 actibus
974 1598 1084 1672 quaest.
1136 1593 1239 1655 babilis
1250 1613 1313 1676 prce
1325 1593 1529 1676 probabiliori,
1547 1594 1706 1656 limitanda
1718 1603 1807 1656 tamen
1817 1594 1876 1656 uide

317 1694 348 1751 1.
365 1695 424 1749 art.
437 1693 486 1752 lt.
501 1707 589 1769 page.
606 1689 677 1748 115.
697 1688 762 1747 hoec
775 1686 888 1746 habet:
908 1731 929 1762 „
945 1686 1087 1747 Secunda
1136 1695 1187 1746 tar
1204 1685 1265 1747 brec
1282 1686 1414 1747 doctrina
1433 1687 1463 1747 ia
1484 1688 1610 1748 materia
1631 1695 1878 1768 praceptorum

318 1783 491 1858 conclusio;
519 1783 589 1842 Non
625 1786 768 1841 tenemur
781 1780 815 1839 in
843 1778 910 1838 foro
930 1779 1085 1840 conscien-
1135 1787 1221 1840 entra
1234 1779 1388 1838 materiam
1402 1777 1669 1840 Sacrameatoram.
1686 1781 1724 1839 Et
1732 1783 1877 1858 quantit.

317 1875 368 1936 tiae
383 1875 470 1954 sequi
482 1873 723 1953 probabiliorem
732 1877 864 1952 partem,
881 1872 1015 1932 sedeatis
1028 1879 1084 1945 est,
1135 1889 1205 1951 pag.
1223 1873 1291 1932 tae.
1305 1872 1368 1932 ait:
1384 1871 1438 1933 Ea
1451 1871 1647 1933 communiori
1665 1872 1799 1932 smteatia
1808 1890 1880 1952 paa-

318 1967 344 2027 si
357 1967 495 2028 absolute
518 1984 683 2046 sequamur
697 1962 859 2044 probilem,
884 1981 954 2043 quer¹
967 1963 1084 2042 peritis,
1136 1971 1195 2023 teris
1214 1982 1271 2023 aaa
1287 1970 1379 2044 potest
1392 1963 1456 2044 copi
1465 1983 1482 2024 a
1492 1963 1664 2044 confessario
1677 1962 1717 2024 ad
1735 1961 1880 2045 amplectar-

318 2065 349 2121 et
371 2059 467 2122 doctis
493 2059 620 2139 placeat,
643 2059 714 2118 licet
733 2056 919 2136 quibusdam
946 2055 1087 2117 similiter
1135 2053 1203 2115 dam
1222 2075 1305 2116 snam
1319 2055 1481 2136 opinionem
1495 2055 1698 2136 probabilem,
1719 2056 1881 2136 imactpm

319 2153 414 2212 doctis
455 2152 624 2230 displiceat.
669 2151 756 2216 Quod
789 2155 896 2208 maren
933 2147 990 2208 sub
1029 2147 1087 2210 baa
1136 2145 1314 2223 habiliorem,
1331 2149 1358 2208 si
1373 2167 1423 2226 ea,
1445 2166 1533 2229 qaam
1554 2149 1698 2228 seqnitur,
1714 2148 1881 2226 sitcercpra

318 2244 511 2305 restrictione
528 2241 764 2321 intelligendum
785 2246 841 2316 est,
866 2240 1088 2301 donecscilieet
1137 2237 1250 2300 babilis.
1269 2238 1278 2270 ¹

318 2336 450 2398 Ecclesia
468 2336 658 2396 contrarium
672 2351 737 2394 non
748 2333 899 2409 statuerit,
914 2337 969 2392 aut
988 2332 1088 2411 prima

317 2426 370 2486 ilia
395 2424 532 2505 opinioe
554 2424 667 2485 sobolis
696 2423 821 2501 explosa
845 2439 910 2480 uon
934 2420 1028 2481 fuerit
1041 2465 1085 2498 ,‚.

318 2536 414 2599 quam
427 2517 632 2578 assertionem
660 2533 759 2590 suam,
781 2519 812 2574 et
833 2513 1030 2586 authoritate,
1057 2521 1088 2573 et

317 2611 437 2672 ratione
451 2609 574 2689 probat,
590 2615 659 2670 tum
673 2608 827 2687 praecipue
841 2605 1086 2668 adversariorum

319 2703 484 2780 objectioni
502 2701 677 2780 respondet.

357 2795 500 2854 Nicotaus
526 2793 723 2866 isembertus,
752 2790 806 2868 qui
820 2807 942 2850 summa
955 2790 1085 2868 ingenii,

318 2891 349 2946 et
371 2887 517 2947 doctrine
535 2885 627 2946 laude
651 2887 686 2944 in
706 2882 844 2944 Sorbona
863 2881 978 2956 bonni,
1007 2882 1087 2944 banc
1176 2887 1235 2960 Qui
1256 2886 1404 2947 Dictaeum
1419 2886 1564 2947 Alvarem
1589 2885 1798 2948 affirmantem
1817 2889 1888 2950 audi·

316 2978 416 3058 ipsam
429 2978 631 3057 quaestionem
644 2974 1087 3050 uberiusetaocuratiustrac-
1135 2980 1225 3054 verit,
1259 2980 1463 3058 posteriorem
1487 2979 1674 3040 sententiam
1695 2999 1716 3040 a
1738 2980 1889 3042 doctissimi

316 3076 362 3131 tat
381 3070 415 3130 in
438 3070 490 3131 lib.
517 3074 547 3130 t.
563 3069 679 3129 uisse.
696 3073 754 3128 art.
779 3069 809 3127 t.
825 3083 895 3145 pag.
913 3067 983 3126 135.
1002 3112 1022 3141 ,,
1042 3067 1088 3128 Sit
1136 3069 1291 3131 Tbomiatis
1317 3071 1435 3146 doceri,
1471 3073 1596 3131 Petrum
1623 3089 1700 3132 vero
1729 3073 1889 3133 Ledesinam

317 3163 375 3223 ista
388 3163 568 3242 propositio,
584 3160 696 3240 iuquit,
712 3159 836 3238 quando
850 3159 929 3218 circa
942 3158 1086 3218 honesta·
1136 3168 1335 3238 asserentem,
1345 3163 1445 3222 teneri
1459 3163 1600 3223 eamdem
1620 3183 1638 3224 a
1653 3163 1763 3225 maltis
1781 3165 1891 3226 [luctari

317 3262 393 3329 tem,
422 3254 471 3314 vel
491 3253 712 3331 obligationem
740 3251 840 3330 operis
865 3250 993 3328 alicujus
1015 3256 1088 3312 sunt
1136 3252 1203 3323 bas,
1225 3269 1259 3310 ac
1267 3251 1418 3331 prreapae
1432 3270 1451 3312 a
1464 3249 1619 3331 discipulis
1634 3251 1672 3313 S.
1694 3251 1826 3328 Tboma,
1839 3270 1890 3313 non

317 3343 973 3424 utrinquejopiuionesprobabiles,quarum
982 3347 1084 3403 tamen
1135 3343 1892 3422 poteritnonsuspicarinavitersibiWendrolrium

318 3439 415 3500 altera
425 3443 470 3498 est
483 3436 683 3517 probabilior,
699 3439 799 3513 potest
813 3435 996 3494 voluntasin
1012 3453 1086 3513 ope·
1135 3437 1313 3515 imponere,
1334 3451 1406 3496 cum
1420 3435 1464 3494 ait
1476 3453 1548 3514 pag.
1566 3437 1615 3496 76.
1631 3441 1684 3497 77.
1702 3439 1735 3498 S.
1759 3438 1892 3498 Thomam

318 3530 416 3591 rando
428 3530 516 3608 sequi
545 3527 746 3607 probabilem,
759 3525 863 3585 relicta
873 3525 1084 3604 probabiliori.
1134 3527 1353 3605 buicopiuioni
1367 3525 1528 3588 manifeste
1540 3528 1711 3590 adversari.
1728 3532 1814 3590 Certe
1823 3528 1892 3608 quod

317 3621 479 3700 Postquam
509 3627 607 3680 antem
637 3617 712 3678 banc
737 3617 923 3676 assertionem
949 3615 1089 3696 probarit
1135 3619 1265 3698 opponit
1287 3637 1327 3679 ex
1345 3618 1518 3692 Quodlibet.
1545 3622 1575 3681 8.
1597 3625 1657 3680 art.
1680 3623 1730 3682 13,
1754 3621 1894 3702 pridema

317 3712 502 3774 antboritate
543 3709 863 3791 quamplurimorum,
902 3714 935 3768 at
973 3709 1084 3789 inquit,
1136 3711 1167 3770 S.
1183 3710 1400 3788 Antoniopar.
1425 3729 1448 3772 1.
1467 3709 1516 3770 tit.
1536 3713 1565 3772 3.
1592 3729 1658 3790 cap.
1678 3715 1731 3774 10.
1754 3713 1783 3792 §.
1802 3715 1846 3773 10.
1865 3729 1895 3770 ex

319 3806 424 3866 Sancti
451 3805 578 3865 'lbomae
595 3803 816 3881 interpretum,
842 3800 960 3880 qaam'ti
970 3808 1031 3862 art.
1055 3804 1084 3862 5.
1136 3803 1167 3863 S.
1184 3802 1323 3862 Doctoris
1337 3805 1441 3862 mente
1455 3802 1497 3862 ita
1511 3802 1701 3882 explicatum
1716 3811 1775 3880 est,
1790 3809 1825 3864 ιιι
1836 3802 1895 3862 huic

315 3903 396 3958 circa
416 3895 544 3957 mediam
556 3915 565 3954 .·
577 3897 627 3955 Αιι
637 3896 705 3955 haec
718 3894 886 3972 propositio
896 3898 960 3967 tam
975 3894 1087 3956 habeat
1136 3895 1296 3954 sentcntiae
1310 3893 1410 3954 faveat
1417 3895 1530 3972 potius,
1545 3912 1639 3973 quam
1650 3904 1818 3976 repugnet.
1832 3897 1897 3956 Nan

317 3989 421 4050 locum
448 3990 482 4048 in
505 3986 632 4047 bomine
655 3985 812 4060 illiterata,
848 4003 884 4045 ac
911 3985 997 4054 rudi,
1032 3987 1086 4066 qui
1134 3987 1235 4065 primo
1249 3987 1316 4046 haec
1331 3987 1363 4046 S.
1379 3986 1508 4047 Thomm
1522 3988 1633 4047 verba:
1663 3990 1897 4062 aQuandosunt

316 4083 413 4143 nescit
436 4080 573 4141 rationes
604 4079 765 4150 decutere,
789 4095 884 4156 quam
908 4077 941 4136 ιιι
959 4077 1086 4140 homine
1135 4078 1205 4138 duae
1220 4077 1380 4157 opiniones
1394 4077 1555 4138 contraria
1570 4079 1608 4138 de
1623 4079 1751 4153 eodem,
1771 4083 1898 4160 opportet

315 4174 461 4248 litterato,
484 4171 539 4250 qui
551 4171 583 4232 id
598 4169 705 4231 novit:
720 4170 752 4231 id
766 4174 822 4243 est,
851 4186 891 4228 an
904 4173 969 4228 tam
986 4171 1084 4249 rudis,
1134 4170 1263 4230 alteram
1284 4187 1348 4230 esec
1359 4186 1476 4243 veram,
1503 4176 1534 4230 et
1547 4169 1680 4232 alteram
1704 4172 1833 4232 falsam:
1854 4175 1898 4232 aut

316 4271 347 4325 et
359 4265 521 4325 illiteratus
532 4264 626 4322 homo
642 4262 736 4341 possit
747 4261 868 4340 operari
883 4277 922 4320 ex
935 4263 1087 4323 sententia
1135 4279 1208 4339 ergo
1222 4261 1285 4334 ille,
1308 4261 1363 4339 qui
1376 4261 1448 4322 iacit
1470 4267 1577 4322 contm
1592 4263 1782 4342 opinionem
1802 4264 1899 4341 Magis

315 4358 421 4418 minus
446 4355 611 4436 probabili,
627 4353 736 4414 'relicta
755 4351 965 4432 probabiliori,
992 4371 1086 4431 quam
1134 4359 1266 4430 trorum,
1289 4358 1396 4433 utpote
1420 4353 1563 4414 babendo
1582 4355 1690 4434 plures
1717 4357 1899 4462 praebendas,

316 4450 413 4510 homo
427 4449 589 4509 litteratus.
609 4445 684 4507 Tam
704 4444 894 4525 qaaestionem
922 4445 995 4505 ita
982 4444 1085 4514 solent:
1134 4445 1206 4506 iacit
1220 4451 1291 4507 cont
1292 4447 1640 4526 caveramopinionem,
1656 4448 1902 4510 etsiccumiaa't

317 4541 536 4620 Respondetur
550 4538 752 4599 affirmative:
783 4542 813 4597 et
827 4537 904 4596 ratio
919 4542 974 4605 ost,
1002 4538 1086 4616 qnod
1134 4547 1242 4598 cantra
1255 4539 1355 4616 legem
1374 4539 1429 4598 Dei
1447 4557 1514 4598 non
1534 4546 1703 4602 excusatur
1730 4561 1750 4602 a
1770 4545 1899 4623 peccam,
1960 4527 1963 4612 1

316 4653 381 4694 non
406 4633 497 4693 liceat
519 4631 611 4692 about
624 4630 746 4710 operari
760 4634 964 4690 exsensum
977 4629 1087 4708 proba·
1135 4631 1276 4709 quamvis
1302 4649 1366 4690 non
1392 4630 1600 4692 iaciatcontra
1614 4635 1850 4710 conscientiam,
1869 4633 1902 4692 sic
1962 4617 1963 4666 1

315 4727 382 4800 bili,
406 4725 530 4786 recitata
550 4723 760 4804 probabiliori,
776 4721 850 4800 qnia
864 4721 1039 4796 estdoctus,
1056 4727 1087 4781 et
1136 4723 1345 4801 interpretatur
1366 4720 1489 4784 Sanctus
1502 4724 1685 4786 Antoninus:
1713 4727 1789 4788 Haec
1814 4681 1897 4787 vdrba
1962 4711 1963 4740 ³

316 4817 402 4877 novit
412 4816 571 4895 utriusque
594 4815 690 4895 partis
703 4813 837 4874 rationes
856 4819 1027 4892 penetrare,
1056 4819 1087 4874 et
1135 4815 1171 4874 D.
1188 4815 1315 4876 Thomae
1329 4833 1393 4875 non
1405 4821 1534 4894 possunt
1545 4815 1693 4895 intelligi,
1721 4821 1784 4880 nisi
1797 4819 1834 4880 de
1851 4817 1901 4890 his,

315 4908 658 4982 contemeadinvicem3
675 4907 727 4966 sed
737 4907 809 4984 quie
821 4905 1084 4984 adbeneoperan-
1135 4906 1189 4966 ubi
1201 4906 1360 4968 manifeste
1374 4913 1459 4986 patet
1469 4925 1507 4968 ex
1518 4907 1693 4988 Scriptura,
1708 4911 1762 4971 rel
1773 4908 1902 4972 Ecclesia
1961 4917 1963 4932 ⁴

316 5002 391 5062 dum
405 5001 563 5061 moraliter
577 5000 650 5060 satis
664 5004 708 5059 est
730 4998 844 5059 habere
858 4998 1008 5058 moralem
1024 5016 1086 5058 aer·
1136 4999 1413 5075 determinatione,
1433 5000 1517 5078 quod
1531 5001 1570 5060 sit
1593 5007 1707 5062 contra
1725 5003 1827 5083 legem
1838 5002 1900 5073 Dei,

314 5092 480 5154 titudinem
494 5093 531 5153 de
540 5093 700 5153 honestate
710 5096 805 5164 actus,
820 5096 851 5150 et
866 5090 950 5169 quod
963 5090 1086 5151 nullum
1136 5097 1167 5152 et
1180 5110 1245 5151 non
1259 5091 1297 5152 de
1307 5091 1368 5152 illis
1374 5091 1529 5170 iutelligit,
1541 5092 1598 5153 ubi
1609 5111 1677 5154 non
1684 5103 1827 5177 apparet:
1839 5095 1902 5156 atta
1962 5157 1963 5176 ,

349 5336 449 5388 illisce
473 5335 608 5386 Ductoribus
635 5333 768 5385 Serbonicis
791 5332 896 5384 additP.
913 5333 992 5383 Daniel
1006 5348 1044 5398 ep.
1060 5334 1084 5383 3
1136 5336 1405 5388 Gamacbaiseatentiam
1420 5337 1530 5405 sequitur,
1555 5339 1595 5390 sed
1609 5353 1638 5390 ex
1652 5339 1744 5394 suario
1762 5345 1838 5396 itaet.
1849 5344 1888 5394 3.
1879 5355 1901 5394 ιι
1961 5319 1963 5370 b

316 5414 347 5464 ad
361 5412 475 5464 Natalem
497 5408 666 5460 Alexandrum
693 5408 722 5458 D.
741 5408 770 5460 de
792 5408 860 5478 bleta,
881 5408 919 5472 qui
933 5423 993 5459 auno
1012 5409 1087 5460 issa.
1136 5412 1161 5463 t.
1186 5411 1249 5476 disp.
1266 5412 1305 5462 ts.
1323 5412 1387 5465 Sect.
1403 5412 1428 5463 3
1443 5427 1518 5464 vemas
1534 5413 1721 5478 probabilitatem
1745 5433 1760 5470 a
1786 5421 1840 5471 talsa
1854 5421 1901 5470 san
1961 5385 1963 5518 1

315 5488 374 5553 typis
387 5488 455 5539 edidit
470 5485 568 5538 Clavem
586 5485 721 5550 Tbeoloaioe
730 5485 856 5549 practica.
871 5484 914 5536 llic
927 5483 1089 5546 ergoin'lrac·
1136 5487 1261 5551 distinguit.

316 5567 363 5618 satu
376 5563 405 5613 de
418 5561 515 5614 actibus
529 5560 643 5611 trumonis
664 5574 722 5626 pap.
747 5559 805 5612 t38
822 5559 910 5619 Durati.
926 5557 1052 5620 lsamberti,
1067 5564 1089 5610 et

1430 2393 1556 2454 clear
1575 2395 1611 2456 v.
1661 2351 1663 2354 ⁵

1141 2557 1300 2640 Utramque
1323 2559 1489 2620 sententiam
1509 2566 1614 2620 ueteres
1631 2559 1784 2622 Tbomista
1803 2580 1885 2642 quaa·

1194 2650 1321 2732 plurimi
1333 2697 1340 2724 ,
1377 2651 1547 2712 recentiores
1575 2671 1639 2712 ciero
1662 2653 1724 2734 sere
1753 2673 1841 2714 omres

1258 2741 1425 2803 incredibili
1436 2761 1571 2804 consano
1584 2755 1785 2825 propnpnaat.
