3938 6338
355 426 413 486 did
969 419 1079 481 LIBER
1101 415 1333 478 ranunculus

355 591 477 652 LXXV.
498 589 687 672 Papinianus
706 590 782 651 liora
793 590 893 670 priam
910 587 1121 664 Quaestionum,
1172 582 1243 662 jure
1256 583 1398 661 gentium
1411 581 1485 642 dare
1499 584 1629 659 oportet,
1644 579 1731 657 cujus
1743 577 1830 638 iidem
1841 579 1910 637 scuti
1966 593 1967 596 ¹

396 684 465 744 Nou
474 682 565 744 debet
577 683 666 744 alteri
683 701 738 763 per
751 683 883 744 alterum
898 680 1006 760 iuiqua
1019 677 1124 740 condi-
1174 693 1293 736 sumus.

355 775 400 837 tio
415 773 535 836 inIerri.
1209 769 1386 828 LXXXVI.
1402 765 1484 827 Idem
1505 763 1579 826 libro
1591 772 1673 824 sento
1688 762 1878 838 Quaestionum.

415 867 558 928 LXXVI.
573 865 654 928 Idem
668 866 742 928 libro
756 867 843 927 tertio
856 865 1064 940 Quaestionum.
1217 861 1254 920 In
1263 858 1417 938 ambiguis
1427 876 1484 938 pro
1498 858 1624 918 dotibus
1637 855 1818 935 respondere
1827 852 1912 913 melius

396 960 495 1020 Nemo
518 964 618 1038 potest
642 966 764 1020 mutare
790 957 954 1019 consilinm
972 972 1065 1018 suum
1093 955 1127 1015 iu
1176 957 1232 1013 est.
1246 955 1275 1012 l.
1292 953 1361 1012 Non
1375 957 1421 1012 est
1440 967 1569 1026 novrum,
1581 956 1627 1024 ut,
1643 966 1714 1027 quea
1727 945 1818 1007 semel
1826 945 1914 1005 utiliter

357 1051 483 1113 alterius
496 1050 654 1128 injuriam.
1177 1045 1342 1104 constituta
1355 1049 1438 1119 sunt,
1452 1043 1581 1116 durent;
1592 1041 1665 1101 licet
1676 1039 1728 1100 ille
1741 1056 1823 1100 rasus
1831 1036 1914 1097 extite-

436 1142 591 1203 LXXVII.
608 1141 687 1204 Idem
703 1141 775 1203 libro
791 1141 1049 1222 ruputas-quarto
1178 1136 1229 1212 rit,
1256 1154 1275 1196 a
1295 1155 1357 1215 quo
1378 1135 1503 1196 Initium
1518 1151 1626 1214 capere
1640 1151 1705 1193 non
1719 1131 1913 1211 potueruuti

632 1234 839 1309 Quaestionum.
1179 1229 1305 1294 Quoties
1325 1229 1504 1308 aeqrritatem
1519 1225 1673 1300 desideriI,
1695 1223 1838 1285 naturalis
1848 1222 1915 1296 ratio,

398 1330 436 1390 In
449 1333 551 1391 totum
571 1329 686 1404 omnia,
714 1345 784 1406 quae
806 1325 904 1387 animi
926 1321 1131 1385 destinatione
1178 1325 1232 1380 aut
1258 1320 1407 1381 dubitatio
1426 1320 1506 1399 juris
1533 1323 1684 1392 moratur,
1709 1316 1798 1395 justis
1817 1314 1917 1376 deustis

359 1421 480 1499 agenda
504 1427 589 1498 sunt,
613 1419 737 1481 nonnisi
750 1437 834 1496 vera,
850 1424 882 1479 et
902 1421 984 1478 certa
1002 1415 1131 1483 selentia
1177 1429 1228 1473 res
1240 1412 1442 1492 temperanda
1454 1418 1510 1473 est.

359 1513 465 1593 perfici
479 1519 618 1594 possunt.
1179 1505 1370 1565 LXXXVII.
1395 1503 1476 1566 Idem
1499 1503 1576 1564 libro
1594 1503 1720 1584 septimo
1738 1501 1917 1578 QuasIIonan.

432 1607 612 1668 LXXVIII.
630 1605 709 1667 Idem
725 1604 801 1665 libro
815 1601 1065 1683 vigesimo-octavo
1218 1597 1287 1658 Non
1301 1597 1378 1657 solet
1387 1597 1521 1658 deterior
1530 1595 1665 1658 conditio
1678 1594 1748 1656 ilari
1761 1591 1919 1672 eorum,qui

639 1697 849 1773 Quaestionum.
1015 1744 1021 1752 .
1178 1688 1268 1749 litem
1290 1689 1450 1750 contestati
1463 1695 1545 1764 suut,
1560 1705 1655 1768 quam
1674 1687 1699 1748 si
1713 1704 1797 1761 uon;
1811 1685 1858 1746 sed
1872 1684 1919 1764 ple

399 1789 494 1852 Actus
503 1789 644 1868 legitimi,
656 1790 709 1870 qui
723 1789 879 1868 recipiunt
891 1784 1043 1864 diem,vel
1057 1803 1130 1846 con-
1179 1798 1311 1860 rumque
1325 1782 1445 1843 melior.

361 1881 512 1944 ditionem
533 1902 541 1943 z
582 1883 667 1944 velut
704 1881 902 1961 mancipatio,
929 1878 1128 1957 acceptilatio,
1249 1875 1452 1936 LXXXVIII.
1467 1872 1548 1936 Idem
1565 1874 1641 1937 libro
1658 1871 1863 1935 tertio-decimo

360 1975 548 2036 hereditatis
567 1974 672 2048 aditio,
693 1975 773 2036 semi
786 1973 881 2054 optio,
896 1972 979 2034 datio
992 1973 1105 2034 tutorIs
1121 1991 1129 2032 :
1456 1967 1665 2042 Quaestionum.

360 2065 395 2126 in
415 2071 517 2127 totum
539 2067 688 2128 vitiantur
710 2085 766 2146 per
787 2064 935 2145 temporis
959 2065 1009 2126 vel
1025 2065 1130 2126 mndi-
1221 2059 1318 2120 Nemo
1349 2059 1433 2121 enim
1460 2060 1494 2120 in
1520 2059 1736 2139 persequendo
1770 2057 1922 2120 deteriorem

362 2154 455 2215 tionis
490 2155 704 2234 adjectionem.
754 2155 988 2234 Nonnunquam
1026 2159 1132 2214 maren
1182 2169 1316 2226 raumm,
1338 2153 1392 2212 sed
1419 2153 1580 2214 meliorem
1602 2151 1686 2214 lucit.
1716 2153 1852 2232 Demque
1874 2155 1922 2230 pasl

362 2251 448 2307 actus
461 2247 659 2327 suprascripti
668 2246 930 2326 taciterepriunt,
945 2264 1014 2326 quae
1026 2250 1132 2325 aperte
1182 2243 1269 2304 litem
1280 2249 1480 2305 contestatam
1492 2245 1609 2306 haeredi
1615 2263 1742 2325 quoque
1755 2244 1922 2325 prospicitur,

294 2331 298 2336 ’
362 2338 585 2418 comprehensa
597 2339 709 2400 uittam
725 2337 887 2400 adierunt:
903 2357 977 2400 nam
986 2338 1013 2399 si
1026 2356 1131 2418 aucep·
1182 2341 1213 2397 et
1226 2335 1461 2398 haerestenetur
1481 2355 1519 2398 ex
1533 2338 1681 2400 omuibus
1695 2338 1820 2398 caussis.

362 2435 431 2493 tum
447 2431 564 2493 feratur
577 2432 617 2502 ei,
643 2432 697 2512 qui
710 2430 767 2493 sub
791 2431 966 2492 conditIonc
980 2430 1131 2510 promisit,
1283 2429 1459 2492 LXXXIX.
1490 2429 1624 2493 Souania
1652 2429 1730 2491 tetro
1756 2431 1853 2511 quinto

362 2523 405 2584 ita
418 2523 546 2586 demum
561 2524 657 2604 egisse
676 2523 803 2604 aliquid,
815 2522 1005 2603 acceptilatio
1018 2521 1131 2584 iutelli-
1464 2521 1675 2597 Quaestionum.

362 2615 458 2694 gitur,
475 2617 502 2678 si
521 2615 716 2696 obligationis
736 2615 872 2676 conditio
891 2615 1040 2690 extiterit3
1064 2632 1133 2694 quae
1224 2611 1315 2672 Nulla
1338 2612 1522 2694 intelllgitur
1534 2633 1624 2676 mora
1638 2615 1683 2675 ibi
1700 2615 1780 2692 fieri,
1801 2615 1851 2677 ubi
1863 2613 1927 2676 nulls

363 2708 389 2769 si
402 2708 504 2770 verbis
526 2709 712 2771 nominatim
736 2707 974 2786 acceptilationis
994 2725 1132 2788 compre·
1184 2704 1290 2783 petitio
1305 2710 1361 2766 ast.

362 2798 528 2878 heredetas,
546 2801 662 2862 nullirrs
673 2800 825 2862 momenti
837 2800 929 2860 faciet
942 2805 1055 2860 actum.
1243 2797 1307 2856 XC.
1325 2794 1451 2857 Paralius
1464 2797 1537 2858 tiara
1551 2798 1659 2860 decimo
1682 2801 1883 2876 Quaestionum.

436 2893 581 2954 LXXIX.
603 2892 685 2956 Idem
701 2891 778 2954 astro
793 2891 1053 2972 trigesimo-primo
1225 2887 1379 2952 Quamdiu
1395 2890 1489 2968 possit
1501 2891 1603 2952 valere
1627 2899 1857 2970 testamentum,
1868 2899 1927 2951 lam·

650 2984 848 3059 Quaestionum.
1184 2977 1239 3038 diu
1252 2979 1409 3058 legitimus
1418 2983 1518 3044 baeres
1527 3002 1591 3044 non
1606 2985 1796 3046 admittitur.

405 3074 606 3151 Generaliter,
622 3076 742 3137 cumde
755 3074 1054 3155 iraudedisputatur,
1069 3092 1134 3136 non
1184 3071 1266 3131 XCI.
1288 3071 1367 3134 Idem
1390 3072 1469 3135 libra
1494 3075 1726 3155 quinto-decimo
1743 3077 1927 3153 Quartionan.

364 3167 440 3246 quid
453 3167 565 3229 habeat
578 3174 674 3244 actor,
694 3167 748 3229 sed
760 3167 835 3246 quid
854 3185 909 3246 per
922 3166 1135 3227 adversarium
1225 3165 1263 3226 In
1289 3166 1436 3228 omnibus
1459 3167 1599 3246 qrridern,
1629 3172 1768 3233 merisne
1792 3178 1885 3232 tamen
1907 3167 1929 3228 iu

364 3259 479 3320 habere
492 3277 558 3320 non
570 3259 715 3339 potuerit,
729 3258 987 3319 considerandum
997 3265 1053 3319 est.
1181 3256 1263 3336 jure,
1277 3259 1404 3339 aequitas
1417 3261 1582 3339 spectanda
1593 3266 1650 3322 est.

445 3351 578 3412 LXXX.
594 3349 674 3414 Idan
690 3349 765 3411 limo
775 3349 1058 3431 trigesimo-serundo
1243 3350 1339 3412 xoll.
1355 3349 1436 3412 Idem
1450 3350 1523 3412 tetro
1536 3353 1789 3433 septimo-decima
1803 3355 1889 3432 Quas·

645 3441 857 3518 Quaestionum.
1505 3445 1630 3507 tionum.

407 3534 535 3597 Fraudis
550 3534 761 3615 interpretatio
777 3534 1134 3614 semperiujureCivili,
1226 3535 1350 3610 Quoties
1371 3535 1486 3616 duplici
1506 3536 1578 3616 jure
1610 3539 1751 3602 defertur
1774 3541 1861 3604 alicui
1881 3556 1931 3599 sac·

365 3644 431 3689 non
456 3646 496 3689 ex
517 3633 632 3689 eventu
660 3627 832 3702 dumtaxat,
867 3628 921 3688 sed
945 3646 984 3689 ex
1010 3626 1136 3689 consilio
1186 3629 1297 3691 masio:
1312 3628 1474 3708 repudiato
1487 3629 1658 3710 uovojure,
1675 3634 1761 3712 quod
1774 3639 1844 3696 aute
1859 3631 1933 3692 deier-

366 3738 490 3801 qnoque
502 3719 703 3781 desideratur.
1185 3725 1248 3798 tur,
1264 3720 1415 3800 supererit
1425 3726 1525 3783 vetus.

460 3810 608 3874 LXXXI.
625 3811 706 3875 Idem
718 3811 793 3874 libro
806 3811 1053 3893 trigesimo-tertio
1186 3814 1303 3874 XCIII.
1333 3811 1466 3875 Scaeuola
1493 3814 1570 3876 Is'bro
1601 3816 1709 3898 quinto
1735 3819 1931 3902 Responsum.

656 3905 864 3981 Quaestionum.
1228 3905 1261 3966 Si
1274 3905 1417 3967 bbrarius
1430 3906 1463 3966 iu
1486 3909 1730 3972 aamrribenuis
1752 3911 1933 3993 stipulationis

407 4002 445 4062 In
459 4004 524 4060 toto
535 3997 606 4077 jure
621 3997 729 4077 generi
743 4015 798 4076 per
812 3997 945 4077 speciem
959 3996 1135 4077 derogatur,
1186 3999 1288 4059 verbis
1313 4004 1452 4075 errasset,
1476 3999 1557 4060 nibil
1579 4019 1707 4077 nocere,
1736 4006 1894 4084 quominus
1912 4007 1932 4064 st

367 4097 398 4155 et
422 4092 500 4154 illud
525 4090 719 4172 potissimum
740 4088 884 4166 babetur,
907 4089 991 4169 quod
1011 4089 1050 4151 ad
1069 4108 1137 4170 spe·
1186 4107 1269 4160 reus,
1282 4095 1313 4150 et
1326 4090 1490 4170 fidejussor
1502 4096 1657 4154 teneatur.

367 4185 447 4246 ciem
461 4183 614 4245 directum
627 4187 683 4243 est.
1227 4183 1338 4243 XCIV.
1362 4182 1535 4245 Martianus
1553 4183 1629 4247 libro
1641 4188 1741 4268 prima
1759 4187 1906 4252 Fideieom·
1957 4231 1964 4248 .

409 4277 573 4338 LXXXII.
590 4273 670 4336 Idem
685 4271 761 4334 timo
774 4271 860 4334 tertio
873 4273 1096 4354 desponsaram.
1488 4277 1656 4340 ms'ssarum.
1962 4253 1963 4314 I

409 4370 483 4443 Quae
497 4366 697 4429 dubitationis
714 4365 859 4427 tollendae.
880 4385 985 4427 caussa
1003 4375 1140 4428 contrac-
1227 4367 1322 4430 Fibus
1336 4366 1466 4428 familias
1480 4387 1581 4449 neque
1595 4373 1743 4448 retiaere,
1759 4391 1857 4455 nespre
1868 4390 1935 4436 mot·

368 4461 648 4534 tibusInseruntur,
656 4458 708 4536 jus
717 4475 883 4518 commune
894 4476 959 4518 non
968 4458 1097 4521 laedunt.
1188 4479 1308 4540 parare,
1322 4479 1423 4540 neque
1430 4461 1556 4541 adeisri
1568 4466 1795 4544 possessionem
1806 4469 1850 4529 rei
1861 4483 1935 4547 pera
1962 4513 1963 4546 ,

410 4553 590 4613 LXXXIII.
607 4550 686 4612 Idem
702 4549 1097 4632 librononoItesponsorum.
1187 4552 1417 4614 liarisvidetur.
1962 4547 1963 4588 ³

409 4643 527 4706 Donari
551 4643 684 4720 videtur,
713 4643 797 4722 «ruod
818 4642 904 4703 nullo
919 4643 991 4722 jure
1011 4649 1140 4723 cogente
1227 4646 1323 4706 XOV.
1358 4643 1504 4726 Ulpianus
1517 4644 1593 4708 libro
1614 4649 1739 4711 meando
1754 4651 1906 4714 Fideison·

369 4735 560 4800 conceditur.
1491 4741 1656 4803 missorum.

429 4827 606 4890 LXXXIV.
629 4823 709 4888 idem
730 4825 804 4886 trun
820 4827 942 4890 manda
962 4828 1078 4911 Defini-
1230 4829 1300 4891 Non
1314 4830 1425 4911 solent,
1445 4850 1516 4912 quae
1533 4831 1706 4912 abundant,
1726 4835 1835 4898 videre
1854 4833 1936 4912 Scrip-

694 4918 818 4979 tionum.
1190 4926 1285 4982 tusas.

410 5014 480 5076 Nou
493 5010 880 5088 ridenturremamittere‚
894 5009 1141 5093 quibuspropria
1188 5014 1300 5076 XCVI.
1322 5013 1404 5076 Idem
1433 5013 1509 5077 libro
1534 5023 1615 5078 sento
1640 5015 1935 5081 Fideicommissamu·

368 5106 516 5168 nonfuit.
1227 5107 1327 5167 Nemo
1355 5104 1935 5189 dubius,s01vendoviaerieum,qri

395 5198 556 5260 LXXXV.
571 5193 702 5258 Paullus
717 5193 795 5254 libro
804 5194 891 5255 tenio
907 5193 1113 5270 Quaestionum.
1188 5197 1374 5260 detenditur.

411 5295 490 5353 Cum
505 5289 640 5370 ampbus
653 5287 789 5349 solutum
804 5293 859 5356 est,
874 5305 968 5366 quam
978 5289 1137 5366 debeatur,
1188 5291 1315 5351 XCVII.
1331 5291 1501 5354 diartianus
1515 5291 1592 5354 libro
1608 5292 1777 5359 duodesisno
1790 5293 1932 5360 Fruam-
1960 5331 1961 5334 =

372 5383 460 5464 cujus
480 5400 551 5462 pars
568 5399 633 5442 non
653 5379 819 5454 invenitur,
835 5382 905 5459 quse
923 5381 1020 5459 repeti
1032 5381 1136 5460 possit,
1487 5385 1652 5448 missorum.
1958 5461 1959 5466 γ

370 5481 472 5538 totum
493 5493 559 5536 esse
584 5471 759 5536 indebitum
782 5471 966 5552 intelligitur
993 5479 1139 5535 manente
1228 5475 1643 5557 InambIguIsorationibus,
1663 5475 1932 5544 maximcseutentis

371 5567 500 5646 pristina
511 5565 708 5646 obligatione.
723 5567 752 5626 I.
765 5565 795 5626 Is
806 5569 918 5626 arbua
932 5564 1034 5643 debet,
1045 5583 1139 5646 quem
1186 5569 1351 5647 spectanda
1364 5575 1411 5632 est
1423 5570 1501 5652 ejus,
1516 5571 1571 5652 qui
1583 5591 1636 5634 eas
1645 5575 1833 5654 protulisset.
1959 5579 1960 5634 ἶ
