3964 6348
367 395 427 454 308
1027 401 1139 464 LIBER
1161 399 1305 463 ‘rutilus

368 569 450 627 statu
486 571 606 627 naturae
642 568 735 648 lapsae
768 585 940 648 numquam
973 567 1136 630 resistitur.
1229 568 1392 642 Quartam:
1412 563 1651 646 Sermpelapiani
1667 559 1845 622 admittebant
1860 575 1928 640 pra-

373 657 482 719 Tertr'o.
512 659 558 719 Ad
579 659 773 734 merendum,
798 665 829 720 et
854 661 1078 722 demerendum
1105 661 1137 722 in
1190 660 1333 721 venientis
1347 658 1454 740 prutice
1470 653 1815 718 iaterr'om'sneeesa'tetem
1829 650 1867 712 ad
1879 651 1930 711 ria·

369 755 448 812 statu
462 755 581 811 natiuae
595 751 687 832 lapsm
702 771 766 813 non
780 753 949 832 requiritur
962 754 996 814 in
1010 753 1138 815 homine
1187 751 1269 834 pulos
1295 759 1388 829 actm,
1412 751 1501 812 etiam
1520 748 1559 812 ad
1571 747 1690 809 im'tiam
1709 744 1789 828 fider,-
1799 753 1825 806 et
1844 745 1871 804 ia
1889 743 1932 803 bo:

368 843 493 904 libertas
513 862 531 904 a
553 845 744 921 necessitate,
772 846 825 907 sed
844 845 957 907 sufficit
975 846 1139 907 libertasu
1188 851 1273 905 erant
1284 842 1428 920 baeretici,
1452 840 1529 924 qaod
1544 839 1647 902 retent
1659 837 1849 920 comprobem
1858 835 1931 894 tatae

369 935 534 998 coactione.
564 936 689 1012 Quarto.
727 937 966 1018 semipelagiani
999 939 1140 1000 admitte·
1188 955 1255 1008 esse,
1276 935 1326 996 cai
1332 940 1425 1017 posset
1436 932 1563 995 bumana
1583 932 1720 993 velantur
1745 929 1878 1002 resistere,
1897 926 1932 987 eal

369 1027 444 1088 bant
465 1029 682 1108 praerenientis
706 1031 812 1110 gratiae
821 1030 977 1092 interioris
1004 1031 1139 1092 necessi·
1189 1029 1410 1110 obtemperare:
1437 1027 1569 1102 Falsam,
1600 1031 1630 1086 et
1657 1023 1828 1085 haereticam
1853 1018 1934 1080 decla·

368 1126 465 1182 tatem
492 1121 529 1181 ad
554 1123 692 1200 singulos
718 1129 814 1197 actus,
845 1124 939 1184 citiam
961 1123 1001 1184 ad
1015 1123 1139 1184 initium
1189 1139 1306 1194 ramus,
1338 1125 1369 1181 et
1395 1120 1442 1181 uti
1469 1119 1565 1180 talem
1590 1117 1784 1179 damnamus.

368 1214 459 1289 tidei;
475 1219 506 1275 et
520 1215 552 1275 in
570 1215 629 1275 hcc
642 1222 732 1276 erant
746 1215 894 1292 haretici,
915 1216 999 1294 qrrod
1026 1216 1140 1276 vellent
1228 1213 1374 1287 Quintam
1380 1232 1391 1282 ‚·
1405 1207 1829 1293 Semipelapiarramestdieera
1847 1205 1934 1268 Ciris·

369 1324 439 1367 cam
448 1310 581 1386 gratiam
593 1307 687 1368 talem
702 1327 778 1374 esse,
803 1307 852 1368 crui
880 1313 982 1389 posset
1000 1308 1140 1370 humana
1196 1313 1258 1366 tom
1276 1325 1335 1386 pro
1353 1305 1486 1366 omnibus
1508 1303 1625 1364 omniuo
1638 1299 1801 1363 bominibus
1812 1305 1934 1360 mortam

369 1399 512 1460 voluntas
534 1399 684 1474 resistcre,
714 1401 764 1461 vel
780 1399 1004 1479 obtemperare.
1018 1399 1136 1475 Quinta.
1191 1415 1259 1475 esse,
1284 1405 1336 1459 out
1352 1397 1530 1478 Sanguinem
1541 1393 1663 1476 fudisse:
1678 1393 1809 1466 Falsum,
1820 1396 1935 1452 temera·

370 1491 651 1572 semipelagianum
681 1485 727 1554 cst
756 1492 856 1554 dicere
898 1493 1054 1554 Christum
1083 1495 1140 1572 pr'o
1189 1489 1279 1567 riam,
1307 1490 1535 1552 scandalosam:
1559 1493 1590 1550 ct
1602 1487 1791 1549 intellectam
1804 1503 1836 1546 eo
1849 1501 1934 1558 mrsu,

369 1583 514 1645 omnibus
539 1584 669 1645 omnino
691 1584 870 1646 hominibus
884 1591 1043 1646 mortuum
1063 1604 1139 1663 esse,
1190 1589 1227 1644 ut
1240 1583 1378 1644 Christus
1393 1601 1449 1663 pro
1470 1583 1567 1644 salute
1586 1581 1748 1642 dumtaxat
1762 1577 1936 1658 praedestina·

370 1682 427 1738 aut
437 1677 626 1756 Sanguinem
637 1676 759 1738 fudisse.
1191 1681 1297 1736 torum
1321 1682 1464 1737 mortuus
1491 1675 1541 1750 sit,
1564 1673 1705 1753 impiam,
1734 1670 1935 1750 blasphemam,

410 1770 482 1847 Nos,
506 1768 619 1849 paribus
638 1769 720 1830 inter
745 1769 930 1852 multiplices
955 1788 1054 1846 curas,
1071 1787 1140 1850 quac
1191 1769 1457 1844 contumeliosam,
1479 1767 1593 1828 divinae
1616 1765 1727 1847 pietati
1749 1764 1934 1842 derogantem,

370 1862 511 1923 animum
536 1867 677 1922 nosturm
708 1862 827 1923 assidue
858 1863 993 1942 pulsant,
1022 1863 1074 1922 illa
1108 1862 1142 1922 in
1191 1866 1222 1922 et
1234 1862 1411 1923 haereticam
1424 1859 1627 1936 declaramus,
1653 1863 1684 1920 ct
1703 1856 1751 1917 uti
1765 1855 1852 1917 talem
1871 1855 1937 1915 dam

371 1954 478 2034 primis
492 1954 575 2014 cordi
586 1959 641 2030 cst,
658 1960 693 2015 ut
706 1955 838 2014 Ecclesia
848 1955 903 2014 Dei
921 1955 1016 2015 Nobis
1026 1972 1064 2014 ex
1080 1953 1141 2014 alto
1192 1971 1312 2015 aramus.

371 2047 536 2108 commissa
575 2047 715 2126 purgatis
752 2065 918 2125 pravarum
956 2047 1142 2126 opinionum
1230 2045 1520 2125 blandamusigitur
1533 2043 1680 2106 omnibus
1694 2042 1805 2104 Christi
1818 2039 1937 2102 fidelibus

273 2174 278 2186 ·
371 2138 529 2200 erroribus
542 2143 609 2198 tuto
632 2139 774 2216 militare,
800 2143 830 2200 et
848 2145 998 2218 tanquam
1013 2139 1143 2200 naribus
1190 2137 1351 2219 utriusque
1378 2157 1469 2200 scaris
1487 2156 1527 2198 ne
1541 2137 1579 2197 de
1593 2136 1683 2196 dictis
1697 2133 1937 2215 propositionibus

371 2231 580 2310 intranquille
598 2230 676 2291 mari
696 2231 807 2292 sedatis
821 2233 963 2292 omnium
976 2237 1141 2311 tempesta·
1191 2232 1316 2307 sentire,
1332 2231 1452 2307 docere,
1469 2229 1646 2311 predicare,
1661 2227 1752 2292 aliter
1761 2231 1937 2307 prasumat,

372 2329 440 2384 tum
459 2323 613 2398 fluctibus,
632 2341 667 2384 ae
679 2325 833 2402 procellis,
862 2343 967 2385 secure
982 2325 1140 2403 navigare,
1191 2341 1286 2402 quam
1295 2323 1329 2384 in
1348 2323 1407 2383 hac
1420 2321 1566 2404 praesenti
1578 2325 1685 2381 nostra
1697 2318 1938 2388 declarationem

373 2420 403 2478 ct
416 2417 454 2478 ad
463 2421 604 2496 optatum
613 2416 719 2477 salutis
732 2421 858 2496 portum
867 2416 1140 2496 pervenirepossit,
1191 2416 1370 2476 delinitione
1384 2415 1571 2490 continetur,
1585 2413 1643 2474 sub
1658 2412 1807 2486 censuris,
1820 2417 1850 2473 et
1860 2409 1939 2490 pranis

372 2528 429 2589 pro
457 2509 502 2570 rei
530 2509 678 2587 gravitate
701 2526 805 2569 coram
824 2509 980 2588 aliquibus
993 2511 1026 2569 S.
1047 2511 1087 2569 R.
1104 2511 1141 2570 E.
1192 2513 1299 2569 contra
1318 2508 1488 2582 haereticos,
1516 2512 1547 2568 ct
1567 2523 1677 2567 eorum
1691 2505 1825 2566 fautores
1839 2503 1869 2564 in
1885 2502 1939 2581 jure

373 2600 590 2662 Cardiualibus
606 2600 645 2660 ad
657 2600 690 2661 id
706 2600 877 2679 specialiter
891 2600 1004 2681 saepius
1018 2619 1144 2680 congre-
1192 2600 1354 2680 expressis.

371 2693 461 2772 gatis,
477 2712 512 2754 ac
526 2691 667 2772 pluribus
674 2692 708 2753 in
721 2693 789 2753 Sec.
805 2693 972 2773 Theologia
981 2693 1142 2772 Magistris,
1234 2691 1433 2772 Praecipimus
1462 2691 1577 2773 pariter
1599 2689 1746 2752 omnibus
1769 2687 1939 2761 patriarchis,

372 2787 495 2847 casdem
529 2785 666 2865 quinque
700 2785 933 2864 propositiones,
968 2791 1004 2846 ut
1037 2804 1141 2865 supra,
1194 2785 1449 2866 archiepiscopis,
1482 2783 1652 2864 Episcopis,
1669 2783 1800 2862 aliisque
1823 2782 1939 2842 locorum

373 2878 467 2940 Nobis
495 2877 614 2939 oblatas
644 2877 772 2938 fecimus
798 2877 954 2956 sigillatim
980 2878 1144 2957 diligenter
1194 2878 1375 2954 Ordinariis,
1391 2895 1512 2938 necnon
1524 2875 1678 2937 haerctieae
1688 2875 1846 2955 pravitatis
1860 2871 1941 2952 inqui
1976 2951 1977 2954 Ἴ

373 2971 555 3047 examinari,
592 2987 761 3050 carumque
787 2969 943 3049 suffragia.
970 2977 1038 3032 tum
1056 2988 1141 3046 voce,
1194 2969 1349 3046 sitoribus,
1365 2974 1400 3030 ut
1414 2969 1665 3042 contradictores,
1691 2973 1722 3028 et
1736 2966 1861 3028 rebelles
1872 2982 1942 3044 qnos

372 3067 442 3124 tum
467 3063 579 3142 scripto
599 3061 696 3124 relata
722 3067 844 3122 mature
869 3063 1141 3136 consideravimus
1195 3081 1327 3141 cumque
1350 3081 1406 3142 per
1429 3079 1583 3136 censuras,
1614 3065 1646 3120 et
1670 3078 1779 3139 poenas
1794 3059 1940 3140 praedicta,
1975 3089 1977 3136 1

374 3154 827 3235 eosdemqueblagistrosrariis
844 3173 950 3215 coram
968 3154 1144 3216 Nobisaetis
1194 3161 1355 3234 ceteraque
1378 3154 1469 3234 juris,
1486 3160 1517 3215 et
1535 3152 1604 3214 lacti
1619 3153 1756 3213 remedia
1772 3157 1940 3232 opportuna,

375 3246 673 3326 Congregationibus
704 3246 821 3326 prolixe
848 3265 940 3327 super
966 3246 1093 3325 eisdem,
1110 3266 1145 3309 ac
1194 3247 1337 3308 inuocato
1350 3247 1443 3308 etiam
1460 3246 1583 3320 adhoc,
1601 3245 1626 3307 si
1638 3263 1717 3324 opus
1731 3245 1834 3321 hrcrit,
1849 3242 1941 3304 auxilio

375 3357 467 3420 super
490 3357 597 3400 earum
611 3337 748 3419 qualibet
761 3339 943 3400 disserentes
957 3340 1141 3402 audivimus.
1193 3338 1312 3400 brachii
1347 3339 1512 3412 saculariS,
1549 3337 1678 3399 omnino
1721 3343 1887 3414 coerceant,
1920 3339 1941 3394 et

415 3434 492 3494 Cum
502 3436 607 3494 autem
621 3429 1145 3509 abinitiohujusmoclidiscussionis
1196 3437 1403 3513 compescant.

375 3524 413 3586 ad
426 3525 567 3586 divinum
588 3523 820 3603 implorandum
847 3524 1011 3602 arrrilium,
1034 3526 1146 3587 multo·
1234 3527 1303 3586 Non
1324 3524 1518 3586 intendentes
1537 3528 1644 3585 tamen
1658 3541 1715 3604 per
1737 3523 1819 3588 hanc
1831 3523 1941 3586 declara·

375 3635 447 3678 rum
461 3616 574 3678 Christi
598 3615 738 3677 fidelium
762 3635 879 3696 preces,
905 3623 973 3678 tum
988 3618 1142 3697 privatim,
1194 3617 1323 3693 tionem,
1362 3623 1392 3678 ct
1428 3617 1642 3678 definitionem
1679 3635 1774 3697 super
1812 3614 1940 3698 predictis
1973 3679 1974 3682 Ἴ

375 3715 443 3772 tum
457 3709 579 3790 publice
593 3707 825 3784 indixisscmus3
842 3711 1039 3788 postmodum
1055 3711 1147 3772 itera·
1194 3709 1333 3791 quinque
1366 3709 1630 3790 propositionibus
1648 3709 1773 3784 laetam,
1797 3708 1941 3790 appmbarc

375 3803 540 3864 tiseisdem
553 3801 731 3872 terrentius,
748 3821 783 3862 ac
796 3819 852 3881 per
873 3803 932 3862 Nos
944 3801 1072 3864 sollicite
1086 3802 1146 3864 im·
1195 3802 1371 3863 nullatenus
1389 3802 1465 3863 alias
1484 3802 1657 3882 opiniones,
1682 3821 1752 3882 qum
1767 3803 1942 3864 continentur
1973 3813 1975 3832 t

375 3897 495 3976 plorata
522 3894 626 3956 Sancti
656 3894 788 3974 Spiritus
814 3894 996 3965 assistentia,
1019 3895 1145 3956 tandem
1196 3893 1231 3955 in
1257 3891 1404 3974 'praedicto
1436 3893 1517 3954 libro
1545 3893 1679 3955 tornelli
1711 3895 1859 3957 dansenii.
1890 3895 1940 3953 bat.

376 3987 484 4048 llivino
526 3985 660 4047 Numine
696 3985 818 4047 tarenta
852 3986 891 4048 ad
921 3986 1146 4068 infrascriptam
1197 3985 1433 4066 Romaeapudtl.
1447 3985 1580 4047 Mariam
1590 3985 1754 4066 Majbrem,
1770 3987 1942 4049 Annohrcar·
1973 4017 1974 4020 κ

375 4081 556 4142 devenimus
582 4078 838 4154 Declarationem,
865 4083 896 4140 et
920 4079 1142 4142 definitionem.
1194 4078 1328 4139 nationis
1349 4078 1520 4139 Dominicae
1534 4079 1625 4141 1653.
1644 4081 1694 4140 31.
1710 4080 1799 4141 blaii.

420 4171 557 4233 Primam
566 4170 784 4250 praedictarum
799 4170 1064 4250 propositionum:
1082 4173 1148 4234 Ati·
1237 4171 1316 4232 Cum
1343 4177 1460 4248 autem,
1492 4171 1571 4232 sieut
1605 4171 1793 4253 accepimus,
1825 4166 1941 4234 nonnuli
1973 4215 1974 4232 ι

377 4283 437 4344 qao
452 4263 509 4325 Dei
522 4271 670 4344 precepto
685 4260 849 4323 boraira'bas
867 4261 960 4344 justis
975 4263 1146 4342 colentibus,
1195 4262 1366 4342 iniqnitatis
1393 4263 1449 4324 filii
1476 4263 1637 4343 praedictas
1668 4265 1810 4344 quinque
1832 4259 1942 4344 proposi·

377 4353 927 4434 etconoatibos,secandamprccseater,
944 4373 1016 4436 quus
1029 4354 1145 4434 babeat,
1195 4355 1305 4428 tiones,
1326 4355 1376 4416 vel
1409 4355 1444 4416 ia
1471 4355 1551 4416 libro
1572 4355 1720 4436 praedicto
1735 4357 1870 4436 ejusdem
1886 4353 1940 4414 Cor·
1973 4357 1974 4368 ³

369 4449 464 4518 eires,
498 4453 565 4508 sont
597 4445 801 4526 impossibilia,
836 4444 913 4506 decet
946 4467 1058 4530 qaoque
1084 4448 1148 4510 tlb'r
1196 4446 1270 4508 nclii
1290 4447 1428 4509 tansenii
1444 4467 1510 4508 non
1523 4448 1663 4528 reperiri,
1684 4447 1738 4509 sed
1758 4447 1838 4522 ficte,
1856 4451 1882 4508 et
1899 4460 1940 4524 pro

377 4540 487 4622 pratia,
527 4557 587 4619 qao
613 4536 764 4618 possibilia
802 4535 889 4617 fient.
925 4540 1145 4618 Temerariam,
1194 4539 1323 4600 arbitrio
1346 4539 1532 4619 compositas
1566 4557 1642 4613 esse,
1678 4539 1728 4601 vel
1751 4540 1788 4602 in
1820 4533 1939 4602 sensuab

379 4632 520 4712 impiam,
546 4629 771 4710 blasphemam,
796 4629 992 4692 anathemate
1017 4633 1145 4695 damna-
1196 4631 1305 4692 eodem
1325 4631 1445 4693 intento
1469 4649 1534 4693 uon
1548 4631 1819 4695 damnatasfuisse
1832 4643 1939 4693 asserere

379 4731 456 4794 tam,
471 4729 502 4785 et
516 4722 695 4783 hereticam
720 4721 922 4792 declaramus,
948 4725 1033 4785 etuti
1053 4725 1147 4788 talem
1196 4741 1310 4804 magno
1333 4741 1406 4786 cum
1427 4724 1540 4785 Christi
1565 4723 1707 4786 fidelium
1735 4725 1872 4788 scandalo
1891 4735 1939 4782 non

379 4817 573 4878 damnamus.
1195 4817 1413 4893 relormidcnt3

420 4909 604 4986 Secundam,
623 4905 760 4969 interiori
773 4907 880 4988 gratita
891 4907 923 4968 in
936 4911 1018 4970 stota
1029 4914 1147 4974 caturca
1236 4910 1308 4984 Nos,
1322 4909 1375 4989 qui
1395 4909 1510 4987 omnia,
1529 4928 1599 4991 qua
1613 4909 1647 4972 in
1660 4909 1719 4972 hac.
1731 4930 1767 4974 re
1780 4915 1858 4992 gesta
1873 4909 1936 4977 sunl

380 5002 472 5084 lapsae
486 5019 644 5081 aarapaom
659 4999 808 5060 resistitur
816 5018 829 5076 ;
852 4999 1035 5062 Haereticam
1049 5002 1149 5064 decla·
1197 5001 1394 5077 sufficienter,
1402 5008 1432 5064 et
1442 5008 1558 5064 attente
1565 5004 1791 5084 perspeximus,
1800 4994 1938 5084 utpotequi

379 5101 538 5170 ramus,ct
552 5092 598 5154 uti
611 5091 705 5152 talem
719 5091 913 5152 damnamus.
1195 5095 1333 5174 ejusdem
1367 5097 1475 5158 Innoc.
1504 5095 1745 5176 Praedecessoris
1776 5099 1865 5178 jussu,
1881 5091 1937 5153 dun
1971 5143 1972 5146 ,

419 5187 574 5260 Tertiam3
600 5181 837 5260 Actaeaeacteae,
859 5191 887 5244 et
902 5182 1147 5249 demerendorum
1196 5187 1296 5247 adlmc
1323 5187 1357 5248 in
1384 5187 1555 5250 Minoribus
1592 5189 1763 5266 constituti,
1799 5180 1936 5250 Cardinalit

379 5289 456 5342 statu
471 5285 588 5340 natare
611 5276 704 5356 lapse
727 5294 788 5336 noa
802 5275 967 5356 requiritur
980 5277 1010 5338 in
1033 5277 1148 5341 bomine
1196 5297 1326 5341 mernere
1349 5278 1563 5359 fungeremur,
1585 5281 1734 5343 omnibus
1750 5281 1808 5344 illis
1821 5281 1936 5356 cong&

381 5372 537 5434 libertato
567 5372 742 5440 amessitote,
775 5365 823 5428 sed
847 5365 962 5448 suffieit
986 5369 1147 5432 libertato
1195 5371 1280 5432 sibus
1302 5371 1511 5446 interfuimus,
1528 5373 1561 5433 in
1578 5373 1693 5453 quibus
1709 5373 1934 5455 Apostolicaauc·
1970 5415 1972 5422 .

379 5463 536 5525 coactione.
545 5460 726 5522 Haereticam
743 5459 945 5540 declaramus,
962 5463 1043 5524 etuti
1053 5465 1147 5526 talem
1194 5464 1329 5541 toritate,
1348 5465 1455 5528 cadem
1470 5484 1562 5528 carisa
1575 5466 1712 5529 discussa
1722 5459 1932 5546 ascerpiniaco
1970 5525 1971 5528 ,

381 5557 576 5616 damnamus.
1196 5556 1450 5638 diligentiaque
1479 5559 1578 5638 mador
1589 5559 1757 5623 desiderari
1781 5577 1836 5622 non
1848 5551 1930 5635 {wll
1970 5609 1971 5626 2
