3964 6348
725 359 775 420 DE
795 356 1058 422 CONSCIENTIA.
1623 361 1681 422 349

105 525 205 602 ocimo,
222 542 280 586 uon
293 522 350 584 mei
369 531 483 586 loretum
506 523 619 606 meique
632 523 791 600 similium,
817 524 866 588 sed
914 522 1008 587 etium
1021 520 1174 604 plerisque
1187 521 1364 582 animarum
1379 521 1582 598 curatoribus,
1601 523 1680 586 aas·

104 616 265 677 doliorum
294 616 459 698 piissimum
489 616 719 698 sapientiumde
746 619 864 700 piorum
913 615 1075 693 cillimnm,
1102 614 1148 676 uti
1177 613 1297 676 ostendi
1324 633 1343 674 a
1370 631 1457 674 num.
1474 617 1542 676 450.
1561 623 1592 677 et
1609 618 1678 678 293.

104 707 235 790 valdeque
243 727 402 771 memorum
415 711 544 771 muueris
555 710 602 772 sui
610 728 621 770 .·
636 709 751 772 iuterim
768 716 863 772 torum
912 711 1058 772 Attamen
1078 709 1111 770 in
1128 706 1281 769 sententia
1298 705 1549 768 adversariorum
1563 713 1683 770 tencre-

103 801 186 862 oliter
199 821 256 864 uum
272 802 397 884 sopiam.
412 802 484 864 dum
499 823 544 865 me
562 802 700 865 Doctores
715 803 780 880 olii,
796 808 861 880 out,
913 822 984 864 mur
1004 803 1195 864 discemere:
1221 799 1293 880 quia
1317 799 1350 859 in
1369 798 1472 860 debito
1490 799 1620 862 faciendi
1632 801 1681 862 in·

101 911 161 974 quse
173 891 291 956 doctm'e
304 899 345 955 est
372 895 515 971 ommium,
532 895 619 957 Petri
632 894 729 972 Sedes,
749 896 865 958 Verita-
912 896 1046 958 cluditur
1055 894 1194 956 debitum
1201 892 1327 966 sciendi,
1344 897 1379 952 ut
1392 891 1465 954 ibid.
1478 892 1552 954 dixi.
1565 894 1682 956 Deinde

102 989 136 1046 tis
145 984 302 1065 disquiro,
319 986 412 1050 aliter
425 1007 470 1049 me
480 987 719 1068 soperedoceout.
912 989 1051 1070 opposita
1065 988 1216 1050 sententia
1231 985 1332 1047 reddit
1345 1003 1409 1046 non
1422 991 1546 1047 tantum
1560 987 1680 1048 confec-

138 1077 243 1159 objice
256 1079 315 1140 sibi
329 1082 390 1141 tu
410 1099 440 1141 n.
459 1081 528 1142 ⁹232.
546 1099 619 1160 ergo
633 1098 698 1141 non
712 1079 770 1142 erit
784 1079 861 1142 obli·
911 1080 1046 1154 tionem,
1080 1086 1110 1142 et
1145 1077 1371 1159 susceptionem
1409 1078 1681 1142 Sacrameutorum

100 1171 186 1250 gatto,
209 1191 303 1251 quam
324 1173 458 1234 mamma
477 1191 650 1253 possumus,
673 1173 809 1235 enitendi
823 1173 861 1234 ad
911 1173 1138 1249 difficillimam,
1175 1172 1228 1234 sed
1257 1171 1350 1232 etiam
1380 1170 1581 1232 directionem
1611 1192 1682 1234 con·

99 1281 198 1324 reram
219 1265 435 1328 certitudinem
463 1266 501 1326 de
525 1267 629 1328 valore
658 1265 859 1344 Sacramenti,
912 1268 1057 1336 scientia,
1094 1272 1159 1328 tam
1193 1264 1337 1346 propriae,
1372 1282 1467 1344 quam
1499 1264 1618 1342 aliana,
1646 1271 1681 1326 nt

99 1355 180 1435 cujus
193 1363 299 1420 tamen
312 1358 489 1438 oppositum
503 1377 561 1420 an.
581 1361 647 1420 toa.
661 1363 813 1420 tenuerat.
828 1360 859 1420 R
910 1360 1031 1422 ostendi
1052 1360 1133 1420 dicto
1151 1378 1184 1419 n.
1206 1360 1276 1420 293.
1298 1358 1326 1418 l.
1350 1357 1381 1418 Si
1401 1376 1457 1436 pro
1478 1358 1681 1420 Sacramentis

99 1450 172 1528 Ergo
186 1469 251 1511 non
270 1450 328 1512 erit
344 1451 443 1530 major
453 1450 626 1514 sollicitudo
640 1452 814 1513 adhibenda
827 1452 861 1513 in
910 1471 975 1514 non
1008 1459 1054 1514 est
1084 1451 1271 1531 requirenda
1300 1448 1476 1524 certitudo,
1512 1451 1585 1530 quia
1618 1451 1682 1514 hac

99 1543 307 1617 Sacramentis,
323 1543 465 1623 quentin
478 1544 545 1604 aliis
558 1543 705 1606 materiis.
723 1545 759 1606 ll.
776 1543 816 1604 ud
827 1549 857 1606 l.
910 1544 1071 1608 induceret
1105 1543 1315 1619 conficientes,
1349 1547 1380 1602 et
1413 1541 1614 1622 suscipientes
1647 1542 1681 1605 in

97 1652 160 1714 neg.
186 1653 250 1715 seq.
280 1635 365 1716 quia,
394 1636 552 1698 moraliter
572 1636 746 1716 loquendo;
759 1636 861 1715 major
910 1637 1048 1716 pericula
1066 1635 1222 1718 peccandi,
1241 1654 1315 1714 ergo
1336 1653 1394 1696 nec
1412 1652 1468 1714 pro
1492 1634 1682 1714 quotidianis

97 1745 156 1789 esse
177 1747 243 1788 nou
264 1733 376 1808 potest,
398 1747 456 1790 nee
483 1729 585 1805 debet,
603 1749 644 1791 ne
663 1731 861 1792 Sacramenta
909 1729 1118 1810 operabilibus
1143 1733 1189 1790 cst
1212 1726 1399 1808 requuenda
1418 1726 1679 1806 probabilioribus,

97 1820 739 1913 propterbominesinstitutoflantodiosa‚
756 1827 860 1882 ettam
908 1822 982 1902 quia
1002 1823 1069 1884 haec
1091 1823 1251 1884 induceret
1279 1821 1313 1880 in
1339 1819 1518 1899 quotidiana
1546 1822 1682 1900 pericula

96 1911 343 1989 conficientibus,
374 1931 470 1993 quam
498 1913 734 1993 suscipientibus
766 1912 860 1974 nimis
908 1915 1064 1995 peccandi.
1077 1917 1107 1977 5.
1125 1915 1158 1976 Si
1171 1910 1547 1996 professoresTheologiae
1555 1913 1681 1974 moralis

96 2021 238 2081 onerosa;
252 2005 329 2066 item
342 2023 382 2067 ne
398 2005 461 2066 sint
474 2005 623 2067 continua
636 2004 773 2086 pericula
786 2024 858 2086 pec·
908 2026 974 2068 non
988 2007 1105 2070 debent
1118 2013 1198 2070 esset
1213 2006 1284 2088 plus
1298 2006 1382 2086 justo
1400 2004 1503 2083 rigidi,
1524 2022 1598 2082 ergo
1613 2023 1680 2068 ma·

95 2097 189 2172 caudi,
217 2098 294 2158 dum
316 2098 540 2172 ministrantur,
563 2098 613 2159 vel
635 2098 855 2178 suscipiuntur,
908 2100 991 2161 xime
1012 2117 1119 2162 cavere
1144 2099 1257 2160 debent
1284 2098 1470 2160 sentemiam
1491 2097 1679 2177 oppositam,

94 2189 172 2250 unde
186 2189 347 2252 moraliter
372 2189 538 2270 loquendo,
562 2191 662 2270 major
685 2190 857 2252 sollicitudo
909 2211 979 2271 quae
993 2198 1039 2254 est
1056 2193 1125 2253 fons
1146 2191 1323 2271 Rigorismi‚
1340 2196 1370 2252 et
1384 2190 1471 2269 cujus
1485 2195 1679 2269 argumenta,

94 2287 232 2344 censetur
243 2282 333 2344 nobis
346 2282 553 2363 impossibilis,
563 2283 694 2363 ideoque
708 2303 768 2344 an.
785 2285 853 2346 eta.
909 2284 935 2345 si
966 2286 1051 2364 quod
1078 2285 1230 2360 evincant,
1260 2283 1393 2364 probant
1425 2282 1553 2343 mudum
1587 2282 1681 2344 etiam

94 2381 194 2436 monet
203 2375 391 2454 professores
403 2376 580 2454 'theologice
593 2375 858 2456 moralis,neplus
909 2377 1024 2438 tutiora
1049 2395 1114 2438 esse
1136 2375 1293 2456 sequenda
1320 2375 1367 2436 uti
1398 2373 1520 2435 ostendi
1547 2393 1578 2436 n.
1608 2376 1677 2438 ⁹292.

89 2465 167 2544 justo
179 2467 273 2543 rigidi
284 2469 347 2529 sint
362 2468 396 2528 in
414 2469 584 2543 sententiis,
598 2469 651 2530 sed
666 2469 781 2548 ubique
794 2487 858 2530 ser·
910 2467 1051 2550 ideoque]
1065 2469 1128 2530 dini
1145 2488 1177 2530 n.
1208 2471 1277 2530 294.
1307 2473 1338 2528 et
1362 2467 1477 2528 iterum
1498 2465 1601 2528 dicam
1623 2486 1676 2530 nu.

93 2565 161 2620 trent
187 2560 331 2638 modum,
355 2566 386 2621 et
412 2562 570 2640 quoddam
597 2561 747 2623 medium.
764 2560 814 2624 Ad
827 2563 856 2624 i.
908 2563 976 2622 trs.
994 2561 1147 2623 sententia
1162 2558 1678 2641 oppositamessepericulosiorem,

92 2651 201 2713 iterum
223 2658 317 2733 negat
344 2671 407 2733 seq.
428 2654 502 2733 quia
520 2653 576 2716 Dei
594 2653 747 2728 voluntas,
764 2671 859 2734 qnam
908 2671 1003 2733 quam
1029 2659 1177 2714 nostram.
1207 2655 1237 2715 6.
1268 2652 1302 2712 Si
1325 2651 1472 2712 timorem
1490 2651 1677 2731 prudentem

92 2744 229 2823 pluribus
250 2745 377 2826 exponit
394 2764 414 2806 a
433 2764 464 2806 ιι.
483 2747 552 2808 356.
569 2746 720 2826 majorem
733 2744 783 2808 hic
796 2765 858 2808 cer·
908 2745 1021 2807 erroris
1040 2746 1210 2826 prudenter
1227 2745 1467 2818 contemnimus,
1483 2745 1608 2823 quando
1623 2749 1680 2806 mi·

92 2835 254 2898 titudinem
280 2837 432 2898 moralem
458 2837 554 2918 exigit
575 2837 615 2898 ob
641 2856 797 2900 summam
812 2839 859 2900 rei
907 2839 1075 2900 nistramns
1102 2840 1310 2916 Sacramenta,
1345 2855 1418 2916 ergo
1451 2837 1550 2898 multo
1580 2837 1679 2918 magis

92 2927 280 3008 dignitatem,
305 2935 336 2990 et
354 2948 394 2990 ne
410 2930 571 3010 proximus
589 2930 729 3010 privetur
741 2931 857 3009 fructu,
907 2931 1030 3011 quando
1053 2932 1112 2992 alia
1131 2932 1234 2992 minus
1249 2931 1343 3010 digua
1356 2947 1533 3010 operamur.
1553 2928 1680 3012 (Contra

92 3027 144 3082 etc.
165 3021 372 3082 nibilominus
395 3022 612 3084 certitudinem
630 3023 780 3102 majorem
793 3042 858 3085 non
906 3023 965 3084 hoc
992 3029 1098 3086 tamen
1125 3029 1181 3102 est,
1211 3023 1295 3104 quod
1313 3023 1340 3083 si
1365 3023 1456 3108 timor
1475 3023 1513 3084 sit
1527 3023 1676 3103 prudeua

91 3113 226 3193 requirit,
237 3131 333 3193 quam
347 3118 419 3175 anta
432 3115 574 3191 relatam,
590 3114 662 3177 licet
674 3117 720 3176 illi
733 3116 858 3196 adjunc·
906 3117 1075 3195 prudenter
1091 3117 1248 3178 contemni
1272 3133 1338 3178 non
1362 3115 1469 3195 possit,
1495 3116 1548 3176 sed
1568 3114 1678 3178 debeat

91 3207 200 3267 tussit
229 3207 325 3268 timor
352 3207 551 3288 deceptionis,
580 3209 634 3289 qui
660 3209 802 3288 quamvis
818 3208 858 3270 sit
905 3209 1073 3289 prudenter
1095 3209 1220 3290 deponi,
1249 3208 1384 3270 maxime
1410 3226 1482 3270 cum
1509 3209 1679 3288 aguturJdc

90 3299 232 3377 prudens,
248 3305 355 3360 tamen
372 3319 404 3362 ιι.
426 3301 494 3361 326.
512 3300 586 3361 dicit
598 3301 768 3380 prudenter
781 3319 855 3362 con·
905 3301 1144 3363 inhonoratione
1162 3301 1208 3363 rei
1226 3319 1327 3376 sacrae,
1351 3307 1382 3362 et
1400 3301 1516 3362 damno
1531 3302 1676 3385 proximi)

90 3391 183 3452 temni
194 3409 294 3472 posse.
306 3391 445 3470 Denique
454 3411 474 3452 a
487 3411 541 3452 nu.
559 3394 627 3454 430.
645 3397 775 3454 conatur
787 3412 856 3474 pro-
906 3396 933 3454 7.
946 3394 1121 3456 Adversarii
1134 3413 1191 3475 pro
1205 3393 1374 3456 sufficiente
1383 3393 1493 3454 rrltimo
1508 3393 1677 3458 dictamine

90 3479 170 3562 bare,
194 3485 233 3546 ad
254 3484 324 3560 troo,
345 3488 381 3544 ut
400 3483 541 3545 minister
566 3485 773 3566 sacramenti,
803 3490 857 3548 ant
905 3485 939 3547 iu
953 3505 1149 3566 quacumque
1168 3487 1297 3548 materia
1310 3492 1434 3567 ponunt
1451 3492 1556 3548 aalma
1570 3489 1677 3567 opina-

90 3575 240 3654 quisalius
251 3574 336 3637 licite
351 3580 506 3656 operetur,
521 3594 587 3636 non
599 3594 663 3638 esse
675 3597 809 3656 necesse,
823 3583 857 3640 ut
905 3579 1014 3657 tivum,
1040 3586 1071 3641 et
1091 3579 1337 3649 formidolosum,
1362 3597 1420 3640 nos
1439 3597 1512 3641 vero
1532 3580 1677 3659 probari-

90 3673 186 3730 certns
211 3669 250 3729 sit
271 3668 310 3729 de
328 3668 488 3729 honestate
508 3687 572 3730 suae
589 3671 786 3750 operationis,
803 3671 858 3734 sed
905 3690 976 3733 mus
991 3692 1010 3734 a
1023 3691 1112 3733 num.
1126 3675 1175 3734 26.
1192 3672 1304 3734 debere
1318 3689 1383 3734 esse
1393 3676 1523 3732 certum.

90 3759 348 3823 sufficereveram
361 3760 620 3840 probabilitatem.
945 3764 1020 3827 lust.
1036 3782 1058 3825 l.
1082 3765 1238 3844 Quidquid
1266 3764 1305 3825 sit
1327 3765 1364 3825 de
1393 3763 1543 3825 hactenus
1575 3763 1673 3840 dictis,
1702 3789 1757 3849 341

128 3852 212 3930 Quod
221 3855 331 3916 attinet
348 3854 388 3914 ad
401 3853 575 3915 doctrinam
588 3855 674 3916 illam
687 3855 769 3917 circa
782 3875 856 3918 con-
905 3857 1014 3918 saltem
1028 3857 1150 3918 ridetur
1163 3862 1296 3934 certum,
1312 3856 1397 3936 quod
1423 3857 1575 3917 sententia
1587 3856 1675 3919 beni-

88 3945 259 4023 fectionem,
279 3953 312 4008 et
329 3947 558 4027 susceptionem
572 3949 854 4028 Sacramentorum,
906 3949 1137 4028 guasitminus
1152 3955 1245 4027 certa,
1276 3966 1371 4029 quam
1403 3948 1514 4028 rigida,
1545 3968 1619 4030 ergo
1632 3956 1678 4012 est

89 4038 124 4099 de
135 4039 188 4099 illa
199 4040 300 4101 dicam
315 4038 368 4101 lib.
384 4043 415 4101 6.
432 4040 499 4101 Huc
512 4046 651 4120 spectant
664 4059 747 4122 seqq.
765 4043 856 4104 resse-
906 4041 1052 4122 obligatio
1061 4042 1210 4122 sequendi
1219 4041 1445 4121 rigidam‚nam
1456 4042 1487 4102 S.
1499 4043 1580 4121 Aug.
1592 4042 1675 4121 dicit,

88 4130 242 4209 aiones,t.
258 4133 291 4193 Si
300 4132 447 4193 damnare
461 4151 525 4193 non
535 4132 629 4194 audet
640 4135 761 4213 praxim
769 4135 856 4196 illam
909 4133 983 4196 Teme
996 4142 1121 4207 certum,
1148 4133 1274 4196 dimitte
1301 4133 1446 4196 incertum
1462 4150 1472 4192 .·
1489 4135 1528 4194 Et
1540 4135 1575 4196 L.
1605 4153 1626 4197 1.
1642 4135 1678 4198 de

89 4223 167 4285 circa
183 4225 393 4301 Sacramenta,
415 4224 490 4304 quia
511 4226 686 4286 communis
708 4232 754 4288 est
774 4226 857 4308 apud
906 4225 1229 4308 BaptcomtroDouut.
1247 4225 1386 4290 Graciles
1394 4233 1536 4308 peccatur
1550 4226 1679 4290 iuratus

88 4315 163 4394 pios,
177 4323 208 4378 et
220 4317 373 4397 sapientes
385 4317 648 4398 viros,quomodo
658 4325 763 4381 autem
773 4321 858 4383 dam·
906 4318 1081 4383 adsalutem
1091 4321 1200 4381 ocimu
1222 4317 1442 4400 petinentibus,
1472 4316 1518 4379 uel
1543 4337 1574 4380 eo
1602 4320 1674 4400 soto,

89 4427 161 4471 nare
173 4411 293 4490 praxim
304 4409 602 4489 probabilismicirca
611 4411 686 4472 alias
697 4413 855 4490 materias,
905 4411 982 4493 quod
995 4413 1083 4475 certis
1109 4412 1221 4474 c'mceete
1245 4416 1472 4492 praeponuntur.
1500 4409 1677 4490 Cortf.1deo

89 4519 158 4563 cmn
185 4504 224 4564 sit
241 4504 285 4564 ita
303 4503 480 4564 communis
497 4504 581 4582 apud
598 4504 713 4584 pariter
733 4505 810 4584 pios,
827 4511 857 4566 ct
905 4505 1041 4566 tenenda
1064 4511 1110 4567 est
1140 4505 1261 4580 Religio
1285 4506 1444 4574 Romana,
1470 4505 1544 4584 quia
1570 4523 1678 4568 omnes

88 4595 255 4674 sapientes?
270 4597 371 4657 Etiam
380 4594 760 4674 Probabilistaenequeunt
769 4597 857 4658 aliter
906 4597 1016 4659 dieunt
1027 4615 1084 4659 uos
1097 4598 1132 4658 in
1146 4616 1183 4658 ea
1210 4597 1322 4658 salvari
1343 4615 1444 4676 posse,
1461 4603 1600 4658 econtra
1613 4617 1675 4660 non

88 4701 192 4766 sapere
217 4686 286 4749 dum
311 4687 405 4748 aliter
432 4685 531 4748 doceat
550 4687 635 4750 Petri
655 4687 754 4750 Sedes.
777 4691 806 4750 t.
823 4690 857 4750 Si
906 4707 1015 4752 omnes
1027 4690 1133 4751 dicunt
1146 4708 1203 4751 nos
1216 4707 1304 4769 posse
1318 4689 1351 4749 in
1358 4689 1426 4750 aliis
1433 4688 1543 4766 salrari
1561 4709 1568 4750 :
1584 4695 1677 4770 atque

87 4777 168 4839 Dens
186 4779 219 4841 in
236 4779 438 4856 sanctissimo,
459 4799 495 4842 ac
519 4779 698 4842 hominibus
719 4781 855 4843 maxime
873 4857 877 4868 Ι
906 4782 999 4844 etiam
1015 4801 1124 4844 omnes
1137 4783 1244 4842 dicum
1257 4799 1314 4842 nos
1325 4781 1404 4842 bene
1416 4799 1507 4858 agere
1520 4783 1677 4862 sequendo

88 4871 390 4952 necessarionegotio
403 4873 856 4936 Sacramentourmnouoffen-
905 4875 1123 4956 probabiliora,
1153 4893 1218 4936 non
1236 4873 1344 4936 dicunt
1367 4878 1471 4935 autem
1495 4891 1603 4936 omncs
1630 4893 1677 4936 se-

88 4963 171 5024 ditur
184 4983 296 5040 errore,
313 4965 412 5026 multo
425 4964 530 5026 minus
539 4965 574 5026 iu
583 4965 772 5045 quotidianis
785 4985 857 5047 ope·
905 4968 1030 5048 quenda
1044 4967 1234 5048 probabilis;
1263 4985 1348 5047 ergo.
1365 4967 1410 5027 lta
1428 4965 1499 5026 Eliz.
1517 4966 1537 5027 l.
1556 4971 1584 5030 8.
1599 4987 1627 5048 q.
1646 4969 1674 5029 3.

88 5055 243 5135 rabilibus,
279 5059 308 5119 3.
337 5058 371 5120 Si
394 5077 451 5139 pro
486 5058 691 5120 Sacramentis
724 5059 856 5121 sufficiat
905 5060 963 5139 §a
982 5063 1023 5121 R.
1036 5078 1056 5122 1.
1071 5079 1142 5141 neg.
1160 5067 1223 5122 unt.
1237 5060 1311 5140 quia
1323 5060 1405 5136 dato,
1424 5059 1508 5139 quod
1526 5059 1626 5140 rigida
1638 5061 1679 5121 sit

89 5149 192 5229 opinio
212 5169 285 5212 rere
300 5151 485 5232 probabilis;
506 5151 581 5230 qnia
595 5152 753 5231 requirere
767 5153 855 5215 certi·
904 5153 1012 5230 tutior,
1028 5171 1092 5214 non
1119 5153 1188 5216 ideo
1217 5153 1488 5230 estcertior,‹1uia
1509 5157 1555 5212 est
1579 5153 1679 5232 major

88 5241 226 5305 tudinem
239 5243 855 5322 essetdifficillimum,aeredderetSacra·
906 5245 985 5306 ratio
1011 5245 1172 5308 firmenter
1190 5245 1370 5307 adhaerendi
1397 5242 1551 5322 benignae.
1580 5245 1619 5306 R.
1645 5247 1675 5308 2.

89 5341 192 5396 menta
210 5336 324 5412 odiosa,
347 5341 379 5398 et
395 5336 529 5398 nimium
547 5355 688 5414 onerosa,
711 5356 786 5418 ergo
798 5357 855 5400 nec
905 5338 982 5399 Dato
996 5344 1061 5398 ant.
1080 5357 1151 5418 neg.
1183 5356 1267 5400 cons.
1291 5337 1425 5416 benignu
1441 5337 1526 5397 enim
1547 5341 1593 5398 est
1606 5337 1679 5398 satis

90 5443 144 5504 pro
154 5427 338 5507 quotidianis
348 5428 557 5509 operabilibus
566 5435 689 5510 oportet
697 5431 855 5510 requirere
906 5435 1008 5508 certa,
1036 5437 1066 5490 ct
1087 5431 1204 5510 alioqui
1229 5436 1410 5492 teneremur
1442 5446 1564 5508 semper
1591 5429 1678 5509 sequi

90 5519 390 5600 probabilioritatem,
418 5521 493 5602 quia
516 5521 598 5584 hauc
615 5522 789 5585 discernere
809 5529 855 5586 est
905 5521 1072 5584 tutissimas
1089 5521 1137 5584 Ad
1163 5539 1183 5584 1.
1200 5540 1239 5584 ex
1254 5522 1285 5584 S.
1312 5522 1392 5602 Arrg.
1408 5520 1451 5584 sic
1465 5521 1630 5601 respondet
1644 5523 1676 5583 S.
