3964 6348
320 387 380 447 348
979 400 1088 465 LIBER
1111 403 1261 466 PRIMUS

322 551 473 632 Camargo
512 573 531 615 a
568 574 624 618 cru.
657 559 725 622 180.
755 579 881 641 prorsus
900 564 977 627 nibil
1004 566 1092 629 evin·
1144 567 1234 630 Bous.
1247 565 1371 630 Plaudit
1394 567 1540 628 enimvero
1562 565 1622 628 sibi
1638 565 1766 630 Coruino
1785 569 1884 634 intua

322 650 430 708 cumb
1143 668 1327 743 arpumento,
1353 659 1433 742 qnod
1463 679 1499 720 ne
1522 659 1652 722 teruncii
1680 660 1789 741 qm'dem
1816 664 1883 726 mlet.

365 735 454 818 Urpet
474 738 587 803 iterum
608 743 627 805 l.
647 746 676 806 2.
697 756 793 810 contr.
809 752 839 812 t.
860 771 878 812 a
898 771 949 814 nce.
970 757 1041 816 cst.
1060 755 1093 816 Si
1145 753 1279 817 Ostende.
1298 752 1437 817 Concedit
1463 751 1604 829 Coruino,
1621 753 1746 814 Petrum
1761 755 1886 816 intrintili-

321 829 376 890 fiat
389 837 572 904 contractae,
592 837 646 916 qui
661 839 765 902 minus
777 843 979 922 probabiliter
993 865 1095 910 oense-
1145 846 1217 908 liter
1246 851 1431 908 mentientem
1465 865 1522 907 non
1554 865 1684 927 peccare,
1722 847 1774 907 etri
1802 849 1888 910 mereri

321 929 374 983 tur
390 941 454 984 esse
469 924 581 1002 licitus,
598 929 625 988 si
639 930 739 1010 reipsa
760 953 825 996 non
838 937 877 996 sit
890 937 1001 1016 licitus,
1013 942 1094 1002 Dens
1144 939 1233 1001 illam
1252 945 1351 1021 nepot.
1369 938 1437 1000 lacn
1451 943 1504 1000 sic.
1535 938 1604 1000 Non
1617 939 1716 1000 minus
1737 941 1824 1020 pratc'a
1844 939 1889 1003 llei

321 1033 377 1120 per
386 1016 528 1120 accidens
537 1019 614 1090 vult,
631 1027 667 1081 ut
681 1023 790 1102 dicitis,
801 1035 836 1089 nt
845 1029 884 1089 sit
896 1029 1007 1108 licitus,
1020 1051 1094 1112 orgo
1142 1033 1310 1114 requiritur
1323 1031 1363 1094 ad
1374 1030 1553 1106 merendum,
1569 1051 1657 1114 qnam
1669 1029 1711 1092 ad
1721 1051 1777 1093 non
1784 1051 1887 1114 meran

322 1123 347 1166 sr
381 1109 560 1170 conlimatur
595 1113 843 1197 Sacramentum,
876 1124 960 1201 quod
990 1129 1094 1186 minus
1141 1125 1231 1201 dum,·
1245 1145 1313 1206 erpo
1326 1125 1415 1186 etiam
1433 1123 1563 1186 Concina
1575 1125 1721 1205 fateatur,
1737 1143 1834 1186 necent
1847 1135 1886 1200 est,

321 1200 524 1280 probabiliter
543 1211 685 1267 censetur
701 1227 766 1271 osse
784 1213 933 1287 validum,
955 1217 980 1277 si
994 1219 1094 1298 reipsa
1144 1218 1237 1279 Deum
1255 1217 1391 1281 Gratiam
1407 1216 1543 1297 imperiri
1568 1215 1668 1291 Petro,
1695 1235 1754 1297 quo
1774 1218 1888 1278 mention

322 1311 386 1353 non
409 1293 449 1354 sit
468 1296 616 1366 validum.
635 1300 774 1362 Christus
788 1323 844 1384 por
858 1308 1095 1371 accidensvolet
1143 1329 1199 1371 nem
1222 1319 1327 1391 peccet.
1347 1308 1418 1386 Cur,
1443 1327 1550 1390 prenso,
1573 1307 1672 1369 lumen
1686 1309 1842 1388 potiusnon
1856 1311 1888 1370 in·

323 1405 387 1448 esse
406 1387 565 1466 validum3
586 1410 779 1472 consequens
802 1403 909 1461 autem
932 1408 977 1462 cst
990 1409 1095 1482 aperte
1143 1401 1256 1482 fundit,
1273 1421 1330 1485 qno
1345 1421 1472 1463 errorem
1487 1399 1638 1483 dipnoscat
1651 1403 1667 1463 i
1680 1400 1844 1482 Apapecun
1855 1400 1889 1462 iis

322 1479 452 1558 iulsrrm;
474 1499 559 1560 ergo,
585 1489 615 1545 et
631 1489 826 1552 antecedens.
843 1493 878 1554 R.
896 1498 924 1555 l.
943 1495 1028 1556 idem
1041 1513 1096 1556 va·
1143 1495 1242 1574 nupis.

322 1575 397 1648 lere,
414 1577 554 1654 quemvis
568 1581 706 1657 sequaris
720 1583 960 1661 probabiliorem
973 1589 1008 1648 in
1025 1608 1096 1649 eon·
1183 1589 1303 1648 Etcum
1315 1589 1432 1647 Auctor
1441 1585 1491 1648 hio
1504 1586 1681 1648 meminerit
1688 1587 1727 1648 de
1739 1587 1890 1648 Sacramen·
1905 1587 1938 1648 so

323 1674 435 1735 tractu,
458 1669 509 1730 vel
534 1670 733 1734 Sacramenta
762 1677 964 1741 conficiendo.
988 1681 1029 1740 R.
1061 1682 1092 1741 i.
1143 1677 1193 1756 tis,
1216 1679 1291 1740 libet
1313 1680 1380 1758 cius
1407 1678 1487 1739 circo
1505 1678 1590 1740 illam
1613 1679 1787 1740 doctrinam
1806 1679 1889 1758 paneis

322 1780 394 1840 neg.
414 1779 476 1840 seq.
502 1763 575 1840 maj.
596 1765 825 1829 recontractus
844 1771 1095 1848 sitlicitns,satis
1143 1789 1328 1850 proponere,
1353 1775 1383 1831 ot
1410 1770 1529 1849 aliquot
1542 1771 1580 1831 ad
1600 1771 1681 1832 bano
1694 1789 1763 1832 rem
1778 1775 1890 1832 nostran

323 1861 369 1915 cst
387 1874 405 1915 a
426 1857 488 1916 Deo
502 1857 638 1935 permitti
651 1877 689 1919 ex
710 1862 921 1941 suppositione
936 1865 1094 1925 conscien-
1144 1863 1327 1924 reflexiones
1355 1862 1516 1941 subjicere.
1544 1866 1572 1923 Α
1597 1881 1630 1923 ιι.
1661 1865 1730 1924 180.
1759 1864 1846 1936 docet,
1861 1862 1890 1922 ad

323 1947 374 2008 tiae
395 1948 614 2010 invincibiliter
637 1970 785 2028 erroneae,
813 1961 849 2014 ut
873 1973 954 2035 scopo
978 1957 1095 2016 dietum
1145 1955 1385 2028 conficiendaet
1405 1954 1598 2034 suscipienda
1620 1957 1815 2016 Sacramenta
1826 1954 1891 2015 suffi-

325 2045 387 2101 cst:
418 2059 434 2101 e
459 2047 567 2102 contra
592 2049 628 2103 nt
652 2044 887 2109 Sacramentum
915 2049 1096 2110 conficiatur
1144 2065 1212 2108 cere
1235 2047 1416 2127 opinione-m
1437 2066 1510 2108 vere
1529 2047 1723 2127 probabilem
1742 2048 1889 2108 devolare:

323 2133 436 2207 valide,
462 2135 552 2196 debet
576 2137 635 2198 hoe
666 2137 871 2201 determinate
897 2141 987 2220 poni,
1012 2140 1096 2220 quod
1145 2138 1279 2216 sienim,
1303 2140 1415 2219 inquit,
1430 2139 1641 2218 requireretur
1655 2140 1814 2212 certitudo,
1826 2141 1890 2200 Con·

324 2227 461 2290 Christus
476 2229 655 2308 requisivit:
676 2230 702 2290 si
722 2236 827 2292 autem
846 2233 905 2294 boc
922 2233 1093 2309 omittatur,
1144 2231 1289 2292 fossarius
1317 2251 1380 2292 non
1409 2237 1512 2312 posset
1537 2231 1696 2294 absolvere
1717 2233 1891 2313 poenitentem

325 2322 418 2382 etiam
453 2322 745 2402 quomodocumque
779 2325 1030 2404 inculpabiliter,
1066 2331 1098 2386 et
1144 2323 1268 2384 dantem
1293 2323 1408 2385 doloris
1427 2324 1525 2403 signa,
1545 2324 1619 2403 quio
1637 2324 1704 2386 haec
1724 2329 1844 2405 possunt
1854 2322 1893 2384 lat·

323 2414 356 2474 in
371 2433 566 2496 quacumque
578 2417 774 2494 necessitate,
801 2418 850 2478 vcl
871 2418 1092 2497 suppositione,
1144 2415 1222 2478 lere:
1240 2435 1297 2476 nec
1310 2416 1466 2477 Parachus
1480 2417 1891 2496 possctbaptizaceinlantem,

326 2509 562 2570 Sacramentum
581 2527 645 2569 non
664 2509 722 2570 orit
735 2511 891 2586 ualidum;
921 2511 999 2570 ratio
1018 2511 1095 2571 utri·
1145 2527 1237 2588 quem
1268 2511 1358 2570 Pater
1384 2513 1514 2569 testatur
1542 2527 1606 2570 non
1634 2527 1700 2570 csse
1718 2510 1891 2590 baptisatam,

325 2621 461 2684 nsquea
486 2602 581 2682 priori
611 2608 671 2676 est,
707 2603 781 2681 quia
813 2621 851 2664 ex
885 2603 1096 2682 suppositione
1145 2602 1218 2681 qnia
1243 2602 1304 2663 hoc
1329 2601 1544 2662 testimoninm
1566 2602 1660 2662 etiam
1679 2608 1781 2682 potest
1792 2601 1892 2674 sallem

325 2695 518 2756 conscientiae
541 2695 761 2756 invincibiliter
789 2713 944 2768 erronea,
974 2714 1096 2758 necesse
1145 2695 1209 2754 imo
1220 2694 1325 2754 rrrrllns
1340 2694 1489 2754 Sacerdos
1501 2694 1630 2755 auderet
1644 2693 1894 2772 consecrareque

325 2787 432 2849 initia
460 2789 522 2848 Deo
547 2805 612 2848 esse
635 2786 721 2848 illam
738 2787 932 2848 voluntatem
944 2807 1000 2868 per
1014 2790 1096 2850 acci·
1146 2791 1247 2847 certus
1261 2805 1327 2847 non
1340 2791 1386 2847 est
1399 2804 1431 2846 se
1450 2786 1586 2847 asserite
1604 2786 1805 2866 baptizatum,
1816 2785 1894 2845 rabie

326 2881 417 2956 dens;
443 2881 489 2940 uti
512 2885 583 2941 anta
606 2885 764 2941 ostensum
779 2886 835 2956 est,
852 2901 869 2942 e
884 2887 989 2942 contra
1002 2882 1095 2942 talem
1146 2878 1324 2940 ordinatum
1352 2883 1411 2939 eto.
1441 2876 1569 2938 Addita
1597 2897 1648 2938 nu.
1669 2881 1740 2940 903.
1763 2877 1894 2959 possenti·

327 2973 438 3034 Christi
453 2973 643 3034 voluntatem
660 2991 716 3053 per
730 2973 871 3034 accidens
880 2992 944 3034 non
958 2972 1050 3034 luisse
1064 2975 1097 3034 in
1147 2989 1240 3051 quem
1261 2971 1356 3033 etiam
1371 2976 1455 3032 extra
1480 2971 1695 3032 necessitatem
1719 2971 1755 3031 in
1776 2970 1895 3032 admiris

327 3065 546 3128 constitutione
556 3067 841 3140 Sacramentornm,
854 3066 1098 3128 scimusaliunde
1146 3065 1280 3125 tratione
1307 3065 1498 3126 sacramenti
1528 3063 1613 3143 sequi
1637 3063 1820 3124 sententiam
1833 3079 1896 3124 mn

327 3161 358 3216 et
371 3155 480 3215 saltem
495 3173 533 3216 er
547 3155 753 3216 declaratione
779 3154 919 3216 Ecclesia
946 3156 1098 3235 queeideo
1146 3175 1285 3218 munem.
1314 3176 1345 3218 v.
1372 3175 1404 3236 g.
1434 3155 1579 3217 adhibere
1608 3156 1790 3232 materiam,
1823 3172 1896 3235 quan

328 3249 416 3308 docet
426 3248 459 3308 in
468 3247 512 3308 illi
522 3248 718 3310 conficiendis
729 3249 885 3328 sequenda
897 3265 961 3310 esse
970 3249 1097 3326 tutiora,
1146 3255 1286 3310 auctores
1316 3248 1527 3310 communiter
1553 3249 1665 3310 docent
1688 3259 1754 3310 esse
1775 3247 1895 3314 validm.

328 3359 368 3402 ne
382 3345 577 3420 exponantur
590 3341 726 3420 periculo
739 3340 948 3404 invaliditatis.
1147 3341 1219 3403 boet
1245 3359 1342 3417 nnus,
1369 3341 1419 3401 vel
1445 3341 1523 3401 alter
1550 3341 1643 3403 etiam
1678 3341 1753 3402 clari
1786 3339 1896 3402 nominis

368 3443 381 3471 ⁶
403 3432 503 3495 Multa
517 3431 564 3494 iric
586 3434 683 3514 carpit
711 3432 840 3496 Concina
866 3434 903 3493 T.
923 3434 953 3494 ἓ.
977 3451 1048 3513 app.
1065 3452 1097 3513 p.
1148 3435 1261 3496 Doctor
1280 3433 1361 3494 dicat
1378 3451 1444 3494 esse
1462 3433 1640 3495 invalidam.
1663 3431 1789 3495 Addita
1802 3434 1894 3493 mitt.

329 3527 400 3588 ort.
417 3531 447 3586 ct
461 3544 546 3606 seqq.
572 3525 678 3586 Primo
692 3525 729 3588 P.
757 3524 909 3588 Lo-Croic
922 3522 1099 3586 teicadoer·
1148 3527 1267 3588 licitum
1284 3543 1348 3588 esse
1368 3525 1555 3602 ministrare,
1585 3543 1620 3587 aa
1641 3525 1796 3607 suscipere
1814 3526 1897 3586 Sacro·

328 3620 391 3681 sari
402 3619 446 3679 ait
465 3618 502 3680 P.
522 3617 658 3695 Casnedi,
675 3619 730 3700 qni
742 3616 778 3678 P.
810 3616 976 3679 Palancum
1002 3635 1101 3698 repre-
1148 3624 1289 3681 mentum
1313 3617 1505 3679 Paenitentia
1530 3635 1604 3679 oum
1630 3617 1738 3680 dolore
1757 3620 1818 3680 sine
1834 3621 1897 3678 certo

329 3711 478 3787 mactant,
516 3709 660 3772 docentem
696 3708 911 3772 Probabilictas
957 3709 1101 3772 r'noericse
1147 3710 1332 3790 intensione,
1346 3710 1396 3770 vet
1412 3709 1586 3785 duratione,
1601 3727 1673 3770 eum
1687 3710 1898 3789 doloredepea

329 3804 480 3866 scientiam
494 3802 629 3865 mediam.
644 3801 762 3864 Falsum
778 3800 870 3862 idest.
888 3800 966 3863 Nam
981 3800 1019 3862 P.
1035 3801 1101 3864 cas-
1148 3804 1223 3864 catis
1236 3804 1271 3865 in
1285 3801 1454 3879 communi,
1470 3819 1542 3863 cum
1550 3799 1727 3878 attritione,
1744 3808 1798 3864 eto.
1812 3817 1898 3880 quam

330 3895 399 3958 nedi
411 3894 568 3959 contendit.
583 3914 618 3956 ac
633 3913 696 3956 oere
712 3892 869 3970 contendit,
896 3892 1099 3955 Probabilito-
1148 3896 1195 3957 vis
1223 3895 1378 3975 oppositas
1412 3893 1579 3955 sententias
1612 3898 1743 3955 teneant
1775 3897 1898 3955 annona

331 3994 388 4049 tern
402 4007 458 4050 non
492 3985 629 4068 inducere
658 3985 809 4048 edentium
837 3984 976 4063 mediam,
1000 3993 1101 4046 contra
1149 3987 1334 4066 gravissimi,
1356 3985 1429 4046 dicit
1448 3985 1533 4046 enim
1547 3985 1723 4065 perieulum
1736 3982 1898 4066 deceptionis

331 4101 419 4162 quam
432 4079 549 4141 dc‘rcaot
564 4078 728 4146 Prieneus,-
742 4077 791 4139 uti
800 4084 899 4138 anian
914 4077 947 4137 in
957 4077 1101 4139 similitu·
1151 4079 1196 4140 ibi
1210 4096 1274 4140 non
1289 4095 1354 4139 esse
1366 4076 1525 4138 moraliter
1539 4077 1733 4155 aestimabile,
1748 4097 1803 4140 nec
1816 4093 1898 4138 mora·

330 4173 412 4235 dinis
425 4171 541 4234 modcnn
555 4172 684 4234 scientiae
698 4169 800 4232 mediae
814 4170 970 4231 cccmuma
995 4168 1035 4231 ad
1046 4189 1102 4233 en·
1150 4169 1220 4232 liter
1245 4169 1398 4232 evitabile.
1425 4167 1516 4230 Addit
1533 4189 1551 4230 a
1571 4188 1601 4230 n.
1625 4171 1698 4230 itt).
1712 4169 1899 4231 diffiussbten

330 4265 504 4347 plicandum
530 4262 791 4337 Prolaiiiiemum‚
822 4261 899 4344 quod
920 4281 1010 4323 unum
1038 4261 1104 4324 iccio
1151 4279 1363 4337 communem,
1380 4261 1480 4341 qualis
1494 4266 1572 4322 esset
1586 4261 1729 4322 molestia
1742 4262 1839 4323 nimia
1850 4257 1899 4319 sol-

332 4357 406 4439 facit
420 4355 583 4434 [accain
600 4375 660 4417 non
686 4363 726 4416 est
753 4373 888 4431 asserere,
904 4353 1105 4416 aProbatili·
1150 4354 1331 4431 licitudinis,
1343 4359 1374 4414 et
1387 4353 1550 4415 anxietatis
1564 4371 1620 4434 pro
1634 4353 1809 4416 adhibenda
1820 4357 1901 4414 extro·

333 4457 392 4510 tate
410 4449 558 4510 scientiam
586 4446 714 4510 mediam
738 4446 829 4526 [nisse
850 4448 1003 4508 innectam.
1016 4448 1045 4509 2.
1063 4446 1101 4508 P.
1153 4447 1306 4510 ordinaria
1332 4446 1505 4526 diligentia,
1530 4452 1567 4507 ut
1591 4445 1767 4526 plurimum
1785 4443 1901 4506 sufflare

334 4540 496 4604 La·Croix
509 4544 594 4602 unice
619 4541 690 4601 citat
719 4538 895 4610 Potamon,
924 4543 960 4599 nt
986 4539 1105 4600 notavit
1153 4539 1271 4609 adhoc,
1282 4545 1392 4600 utnon
1406 4538 1599 4618 sitobligatio
1609 4539 1741 4600 cavendi
1753 4535 1901 4619 pericnlum

335 4635 502 4710 Palancus3
538 4641 571 4694 at
612 4631 739 4694 Concina
773 4633 816 4692 ait
841 4649 852 4691 .·
880 4630 915 4691 P.
952 4631 1106 4692 La-Oroix
1153 4632 1267 4694 erroris
1294 4633 1374 4693 circa
1400 4631 1538 4692 valorem
1569 4631 1778 4708 Sacramenti,
1802 4630 1826 4690 si
1848 4625 1902 4688 retr

334 4727 397 4790 EX
401 4725 524 4789 rorat
527 4725 552 4787 Τ
583 4725 621 4787 P.
636 4723 816 4797 Potamon,
852 4721 931 4803 quod
962 4723 1106 4784 Probabi—
1154 4743 1241 4786 error
1268 4723 1448 4804 aliqnando,
1472 4729 1611 4786 attamen
1644 4743 1710 4784 non
1745 4723 1902 4805 plerumque

337 4817 420 4880 liano
433 4817 626 4880 accommodet
639 4815 765 4877 mediam
779 4814 932 4875 scientiam
947 4816 977 4876 3.
993 4815 1109 4878 Horret.
1155 4817 1327 4895 contingat,
1353 4821 1384 4878 et
1412 4816 1456 4876 ita
1477 4815 1560 4877 licite
1582 4823 1743 4877 consecrat
1768 4811 1901 4885 Sacerdos,

339 4913 480 4981 Carmina,
498 4909 577 4993 qnod
591 4911 621 4970 in
636 4909 731 4970 Deum
745 4914 919 4987 reparantur
932 4907 1037 4968 crebra
1052 4927 1108 4989 per
1156 4909 1298 4989 quamvis
1326 4926 1391 4970 non
1419 4914 1492 4970 ante
1517 4907 1697 4989 explorarit,
1728 4927 1768 4970 an
1789 4923 1854 4966 rere
1873 4903 1903 4962 sit

337 5006 488 5082 accidens,
502 5006 666 5085 prasertim
680 5019 771 5082 quum
785 4998 863 5061 Deua
887 5003 1018 5081 praciam
1035 5019 1106 5081 snp—
1156 5001 1245 5082 panis
1259 5001 1406 5078 triticeus,
1427 5006 1482 5062 aut
1497 5019 1570 5062 rere
1587 5001 1709 5078 vinnm,
1725 5000 1803 5081 qnod
1815 5013 1902 5060 conse

336 5103 467 5178 ponmm
481 5093 636 5176 impertiri
649 5113 677 5154 o.
703 5113 734 5173 p.
768 5091 861 5153 Petro
894 5090 1110 5152 inuincibiliter
1158 5099 1233 5171 orat,
1249 5107 1308 5156 eto.
1324 5093 1545 5174 Hoeeassertoo,
1558 5093 1671 5172 inquit,
1687 5093 1765 5154 mili
1780 5091 1903 5170 landpe-

338 5186 504 5255 mentienti,
525 5193 560 5246 nt
573 5184 752 5260 mentiatnr;
774 5181 932 5244 namatius
946 5182 1110 5244 Petrnssic
1158 5205 1225 5247 rum
1247 5187 1358 5268 nepotii
1370 5185 1534 5266 facesseret,
1560 5185 1621 5246 nisi
1634 5186 1755 5267 piorum
1777 5183 1902 5246 uuam

340 5282 484 5340 mentiens
506 5295 565 5338 non
588 5281 750 5337 mereretur
774 5275 936 5356 praemium
950 5283 1110 5344 aternum,-
1157 5277 1329 5360 pariterque
1339 5279 1508 5360 sapientum
1520 5283 1699 5354 consuetam,
1711 5291 1902 5340 communen

343 5391 399 5432 cur
412 5377 509 5432 aretem
532 5367 610 5430 licus
643 5367 741 5428 tumen
754 5367 854 5448 potine
885 5385 942 5428 non
973 5366 1110 5448 'infundet
1154 5370 1278 5452 praxim
1290 5369 1478 5448 attenderem,
1491 5369 1527 5432 de
1540 5369 1625 5451 cujus
1638 5369 1781 5432 tonntote
1790 5365 1903 5428 dabitur

340 5463 442 5537 Petro,
458 5479 515 5542 qno
527 5477 656 5521 errorem
670 5477 754 5520 suum
773 5457 947 5540 dipnoscati
960 5461 1022 5520 nisi
1035 5459 1114 5540 quod
1159 5481 1217 5523 non
1229 5460 1332 5524 audeo.
1359 5462 1472 5525 Subdit
1484 5483 1517 5525 n.
1545 5465 1616 5526 23¹.
1634 5461 1741 5524 Verum
1761 5458 1868 5543 paidn't
1878 5454 1902 5515 ir

342 5555 433 5634 juata
463 5551 515 5614 too
544 5557 667 5632 systema
688 5555 904 5613 onotorreocra
918 5559 959 5613 cst
972 5551 1110 5613 scelernm
1163 5573 1196 5614 re
1224 5562 1306 5617 tanta
1329 5555 1636 5619 miseraoacutimus?
1650 5555 1784 5617 mtrem
1798 5555 1902 5614 certem
