<?xml version="1.0" encoding="UTF-8"?>
<!DOCTYPE html PUBLIC "-//W3C//DTD XHTML 1.0 Transitional//EN"
    "http://www.w3.org/TR/xhtml1/DTD/xhtml1-transitional.dtd">
<html xmlns="http://www.w3.org/1999/xhtml" xml:lang="en" lang="en">
 <head>
  <title>
</title>
<meta http-equiv="Content-Type" content="text/html;charset=utf-8" />
  <meta name='ocr-system' content='tesseract 3.04.00' />
  <meta name='ocr-capabilities' content='ocr_page ocr_carea ocr_par ocr_line ocrx_word'/>
</head>
<body>
  <div class='ocr_page' id='page_1' title='image "./theologiamorali00busegoog_0547.png"; bbox 0 0 3946 6344; ppageno 0'>
   <div class='ocr_carea' id='block_1_1' title="bbox 664 460 1625 524">
    <p class='ocr_par' dir='ltr' id='par_1_1' title="bbox 664 460 1625 524">
     <span class='ocr_line' id='line_1_1' title="bbox 664 460 1625 524; baseline 0.002 -3"><span class='ocrx_word' id='word_1_1' title='bbox 664 461 776 522; x_wconf 83' lang='lat' dir='ltr'>LIBER</span> <span class='ocrx_word' id='word_1_2' title='bbox 796 460 997 523; x_wconf 78' lang='lat' dir='ltr'>SECUNDUS</span> <span class='ocrx_word' id='word_1_3' title='bbox 1565 462 1625 524; x_wconf 77' lang='grc'>1139</span> 
     </span>
    </p>
   </div>
   <div class='ocr_carea' id='block_1_2' title="bbox 13 625 1708 5692">
    <p class='ocr_par' dir='ltr' id='par_1_2' title="bbox 13 625 1708 5692">
     <span class='ocr_line' id='line_1_2' title="bbox 59 625 1622 711; baseline -0.001 -15"><span class='ocrx_word' id='word_1_4' title='bbox 59 633 116 696; x_wconf 87' lang='lat' dir='ltr'>lieet</span> <span class='ocrx_word' id='word_1_5' title='bbox 131 636 284 711; x_wconf 87' lang='lat' dir='ltr'>peceatum</span> <span class='ocrx_word' id='word_1_6' title='bbox 305 628 514 690; x_wconf 81' lang='lat' dir='ltr'>fornicationis</span> <span class='ocrx_word' id='word_1_7' title='bbox 526 627 566 688; x_wconf 85' lang='lat' dir='ltr'>sit</span> <span class='ocrx_word' id='word_1_8' title='bbox 584 625 702 688; x_wconf 83' lang='lat' dir='ltr'>malum</span> <span class='ocrx_word' id='word_1_9' title='bbox 714 639 806 706; x_wconf 84' lang='lat' dir='ltr'>supa·</span> <span class='ocrx_word' id='word_1_10' title='bbox 855 636 911 701; x_wconf 80' lang='lat' dir='ltr'>ter,</span> <span class='ocrx_word' id='word_1_11' title='bbox 937 628 989 688; x_wconf 82' lang='lat' dir='ltr'>tce</span> <span class='ocrx_word' id='word_1_12' title='bbox 1015 637 1113 691; x_wconf 76' lang='lat' dir='ltr'>tomes</span> <span class='ocrx_word' id='word_1_13' title='bbox 1134 629 1230 710; x_wconf 81' lang='lat' dir='ltr'>ipsam</span> <span class='ocrx_word' id='word_1_14' title='bbox 1250 638 1291 691; x_wconf 82' lang='lat' dir='ltr'>est</span> <span class='ocrx_word' id='word_1_15' title='bbox 1304 648 1394 711; x_wconf 82' lang='lat' dir='ltr'>proce</span> <span class='ocrx_word' id='word_1_16' title='bbox 1406 637 1622 695; x_wconf 73' lang='lat' dir='ltr'>nocumentum</span> 
     </span>
     <span class='ocr_line' id='line_1_3' title="bbox 57 719 1620 804; baseline -0.001 -18"><span class='ocrx_word' id='word_1_17' title='bbox 57 719 132 787; x_wconf 80' lang='lat' dir='ltr'>aare</span> <span class='ocrx_word' id='word_1_18' title='bbox 153 723 267 784; x_wconf 77' lang='lat' dir='ltr'>ordinis</span> <span class='ocrx_word' id='word_1_19' title='bbox 294 727 324 783; x_wconf 87' lang='lat' dir='ltr'>at</span> <span class='ocrx_word' id='word_1_20' title='bbox 357 724 493 800; x_wconf 80' lang='lat' dir='ltr'>gratius,</span> <span class='ocrx_word' id='word_1_21' title='bbox 529 733 624 798; x_wconf 84' lang='lat' dir='ltr'>quarn</span> <span class='ocrx_word' id='word_1_22' title='bbox 658 719 805 798; x_wconf 86' lang='lat' dir='ltr'>corporis,</span> <span class='ocrx_word' id='word_1_23' title='bbox 855 720 933 802; x_wconf 81' lang='lat' dir='ltr'>qaod</span> <span class='ocrx_word' id='word_1_24' title='bbox 945 721 1007 782; x_wconf 81' lang='lat' dir='ltr'>illis</span> <span class='ocrx_word' id='word_1_25' title='bbox 1020 723 1098 784; x_wconf 81' lang='lat' dir='ltr'>ineo</span> <span class='ocrx_word' id='word_1_26' title='bbox 1111 729 1188 784; x_wconf 83' lang='lat' dir='ltr'>stota</span> <span class='ocrx_word' id='word_1_27' title='bbox 1207 731 1235 785; x_wconf 86' lang='lat' dir='ltr'>et</span> <span class='ocrx_word' id='word_1_28' title='bbox 1251 723 1319 786; x_wconf 77' lang='lat' dir='ltr'>otte</span> <span class='ocrx_word' id='word_1_29' title='bbox 1330 724 1464 804; x_wconf 81' lang='lat' dir='ltr'>paritate</span> <span class='ocrx_word' id='word_1_30' title='bbox 1479 722 1620 803; x_wconf 78' lang='lat' dir='ltr'>infertur.</span> 
     </span>
     <span class='ocr_line' id='line_1_4' title="bbox 57 811 1708 898; baseline -0.003 -21"><span class='ocrx_word' id='word_1_31' title='bbox 57 824 144 880; x_wconf 82' lang='lat' dir='ltr'>emen</span> <span class='ocrx_word' id='word_1_32' title='bbox 157 821 201 875; x_wconf 88' lang='lat' dir='ltr'>est</span> <span class='ocrx_word' id='word_1_33' title='bbox 212 815 313 894; x_wconf 79' lang='lat' dir='ltr'>magis</span> <span class='ocrx_word' id='word_1_34' title='bbox 326 812 498 893; x_wconf 77' lang='lat' dir='ltr'>reparabile</span> <span class='ocrx_word' id='word_1_35' title='bbox 510 816 541 872; x_wconf 90' lang='lat' dir='ltr'>et</span> <span class='ocrx_word' id='word_1_36' title='bbox 555 812 654 889; x_wconf 82' lang='lat' dir='ltr'>magis</span> <span class='ocrx_word' id='word_1_37' title='bbox 668 811 807 872; x_wconf 88' lang='lat' dir='ltr'>volunta·</span> <span class='ocrx_word' id='word_1_38' title='bbox 897 813 932 889; x_wconf 79' lang='lat'>0.</span> <span class='ocrx_word' id='word_1_39' title='bbox 948 817 997 877; x_wconf 69' lang='lat'>65,</span> <span class='ocrx_word' id='word_1_40' title='bbox 1017 817 1165 893; x_wconf 49' lang='lat' dir='ltr'>&amp;amado</span> <span class='ocrx_word' id='word_1_41' title='bbox 1174 832 1290 898; x_wconf 75' lang='lat' dir='ltr'>peccent</span> <span class='ocrx_word' id='word_1_42' title='bbox 1303 817 1456 896; x_wconf 78' lang='lat' dir='ltr'>pc&#39;opentes</span> <span class='ocrx_word' id='word_1_43' title='bbox 1469 814 1518 876; x_wconf 84' lang='lat' dir='ltr'>cat</span> <span class='ocrx_word' id='word_1_44' title='bbox 1529 833 1623 896; x_wconf 80' lang='lat' dir='ltr'>eapo-</span> <span class='ocrx_word' id='word_1_45' title='bbox 1648 813 1708 872; x_wconf 77' lang='grc'>136</span> 
     </span>
     <span class='ocr_line' id='line_1_5' title="bbox 55 905 1625 992; baseline -0.003 -19"><span class='ocrx_word' id='word_1_46' title='bbox 55 909 276 985; x_wconf 83' lang='lat' dir='ltr'>numioeminae,</span> <span class='ocrx_word' id='word_1_47' title='bbox 297 924 367 986; x_wconf 73' lang='lat' dir='ltr'>quta</span> <span class='ocrx_word' id='word_1_48' title='bbox 381 905 521 966; x_wconf 74' lang='lat' dir='ltr'>absolute</span> <span class='ocrx_word' id='word_1_49' title='bbox 540 909 642 984; x_wconf 72' lang='lat' dir='ltr'>potest</span> <span class='ocrx_word' id='word_1_50' title='bbox 657 922 722 964; x_wconf 85' lang='grc'>11011</span> <span class='ocrx_word' id='word_1_51' title='bbox 735 919 806 964; x_wconf 78' lang='lat'>0011·</span> <span class='ocrx_word' id='word_1_52' title='bbox 855 917 953 972; x_wconf 78' lang='lat' dir='ltr'>nectes</span> <span class='ocrx_word' id='word_1_53' title='bbox 979 910 1122 992; x_wconf 74' lang='lat' dir='ltr'>inceptura</span> <span class='ocrx_word' id='word_1_54' title='bbox 1143 909 1293 972; x_wconf 77' lang='lat' dir='ltr'>obscenos.</span> <span class='ocrx_word' id='word_1_55' title='bbox 1324 910 1361 971; x_wconf 78' lang='lat' dir='ltr'>R.</span> <span class='ocrx_word' id='word_1_56' title='bbox 1388 909 1553 988; x_wconf 80' lang='lat' dir='ltr'>Pingantes</span> <span class='ocrx_word' id='word_1_57' title='bbox 1575 908 1625 970; x_wconf 78' lang='lat' dir='ltr'>rel</span> 
     </span>
     <span class='ocr_line' id='line_1_6' title="bbox 54 1002 1626 1082; baseline -0.001 -18"><span class='ocrx_word' id='word_1_58' title='bbox 54 1003 160 1064; x_wconf 89' lang='lat' dir='ltr'>sentire.</span> <span class='ocrx_word' id='word_1_59' title='bbox 855 1009 1044 1081; x_wconf 74' lang='lat' dir='ltr'>exponentes</span> <span class='ocrx_word' id='word_1_60' title='bbox 1056 1003 1208 1082; x_wconf 79' lang='lat' dir='ltr'>imagines</span> <span class='ocrx_word' id='word_1_61' title='bbox 1216 1002 1308 1082; x_wconf 90' lang='lat' dir='ltr'>plane</span> <span class='ocrx_word' id='word_1_62' title='bbox 1321 1003 1480 1063; x_wconf 84' lang='lat' dir='ltr'>obsooenas</span> <span class='ocrx_word' id='word_1_63' title='bbox 1498 1005 1626 1081; x_wconf 83' lang='lat' dir='ltr'>peccant</span> 
     </span>
     <span class='ocr_line' id='line_1_7' title="bbox 13 1085 1625 1173; baseline -0.003 -14"><span class='ocrx_word' id='word_1_64' title='bbox 13 1099 35 1162; x_wconf 77' lang='lat' dir='ltr'>a</span> <span class='ocrx_word' id='word_1_65' title='bbox 85 1097 110 1155; x_wconf 88' lang='grc'>1.</span> <span class='ocrx_word' id='word_1_66' title='bbox 131 1097 256 1155; x_wconf 87' lang='lat' dir='ltr'>Peccata</span> <span class='ocrx_word' id='word_1_67' title='bbox 278 1089 393 1152; x_wconf 86' lang='lat' dir='ltr'>veniali</span> <span class='ocrx_word' id='word_1_68' title='bbox 414 1089 580 1169; x_wconf 83' lang='lat' dir='ltr'><strong>respondet</strong></span> <span class='ocrx_word' id='word_1_69' title='bbox 605 1105 699 1167; x_wconf 86' lang='lat' dir='ltr'>poena</span> <span class='ocrx_word' id='word_1_70' title='bbox 725 1085 805 1164; x_wconf 79' lang='lat' dir='ltr'>ignis</span> <span class='ocrx_word' id='word_1_71' title='bbox 855 1096 1039 1170; x_wconf 78' lang='lat' dir='ltr'>mortaliter,</span> <span class='ocrx_word' id='word_1_72' title='bbox 1058 1101 1095 1156; x_wconf 83' lang='lat' dir='ltr'>ut</span> <span class='ocrx_word' id='word_1_73' title='bbox 1114 1095 1227 1156; x_wconf 91' lang='lat' dir='ltr'>docent</span> <span class='ocrx_word' id='word_1_74' title='bbox 1244 1095 1393 1156; x_wconf 81' lang='lat' dir='ltr'>ductores</span> <span class='ocrx_word' id='word_1_75' title='bbox 1411 1093 1539 1173; x_wconf 88' lang='lat' dir='ltr'><strong>plurimi</strong></span> <span class='ocrx_word' id='word_1_76' title='bbox 1553 1111 1625 1154; x_wconf 90' lang='lat' dir='ltr'>cum</span> 
     </span>
     <span class='ocr_line' id='line_1_8' title="bbox 53 1177 1625 1269; baseline -0.004 -19"><span class='ocrx_word' id='word_1_77' title='bbox 53 1186 205 1268; x_wconf 85' lang='lat' dir='ltr'>purgatorii</span> <span class='ocrx_word' id='word_1_78' title='bbox 219 1186 258 1246; x_wconf 86' lang='lat' dir='ltr'>ad</span> <span class='ocrx_word' id='word_1_79' title='bbox 272 1183 439 1245; x_wconf 81' lang='lat' dir='ltr'>minimum</span> <span class='ocrx_word' id='word_1_80' title='bbox 461 1198 517 1262; x_wconf 67' lang='lat' dir='ltr'>ptr</span> <span class='ocrx_word' id='word_1_81' title='bbox 536 1179 658 1254; x_wconf 74' lang='grc'>11011111,</span> <span class='ocrx_word' id='word_1_82' title='bbox 674 1177 727 1240; x_wconf 69' lang='lat' dir='ltr'>sed</span> <span class='ocrx_word' id='word_1_83' title='bbox 747 1177 803 1239; x_wconf 73' lang='lat' dir='ltr'>flli-</span> <span class='ocrx_word' id='word_1_84' title='bbox 854 1190 952 1250; x_wconf 88' lang='lat' dir='ltr'>Diana</span> <span class='ocrx_word' id='word_1_85' title='bbox 975 1207 1007 1269; x_wconf 86' lang='lat' dir='ltr'>p.</span> <span class='ocrx_word' id='word_1_86' title='bbox 1031 1191 1081 1250; x_wconf 82' lang='lat' dir='ltr'>tt.</span> <span class='ocrx_word' id='word_1_87' title='bbox 1099 1192 1139 1248; x_wconf 68' lang='lat' dir='ltr'>tr.</span> <span class='ocrx_word' id='word_1_88' title='bbox 1157 1189 1187 1248; x_wconf 80' lang='lat' dir='ltr'>t.</span> <span class='ocrx_word' id='word_1_89' title='bbox 1213 1205 1267 1248; x_wconf 80' lang='lat' dir='ltr'>res.</span> <span class='ocrx_word' id='word_1_90' title='bbox 1284 1188 1332 1247; x_wconf 87' lang='grc'>31.</span> <span class='ocrx_word' id='word_1_91' title='bbox 1360 1186 1454 1247; x_wconf 81' lang='lat' dir='ltr'><strong>Ratio</strong></span> <span class='ocrx_word' id='word_1_92' title='bbox 1479 1185 1625 1264; x_wconf 75' lang='lat' dir='ltr'>estquis</span> 
     </span>
     <span class='ocr_line' id='line_1_9' title="bbox 50 1272 1625 1360; baseline -0.006 -20"><span class='ocrx_word' id='word_1_93' title='bbox 50 1298 131 1360; x_wconf 84' lang='lat' dir='ltr'>quern</span> <span class='ocrx_word' id='word_1_94' title='bbox 143 1278 290 1357; x_wconf 77' lang='lat' dir='ltr'>conjicere</span> <span class='ocrx_word' id='word_1_95' title='bbox 304 1277 337 1338; x_wconf 92' lang='lat' dir='ltr'>in</span> <span class='ocrx_word' id='word_1_96' title='bbox 351 1275 456 1354; x_wconf 85' lang='lat' dir='ltr'>ignem</span> <span class='ocrx_word' id='word_1_97' title='bbox 470 1274 510 1334; x_wconf 90' lang='lat' dir='ltr'>ad</span> <span class='ocrx_word' id='word_1_98' title='bbox 522 1272 633 1333; x_wconf 89' lang='lat' dir='ltr'>boram</span> <span class='ocrx_word' id='word_1_99' title='bbox 643 1276 688 1332; x_wconf 88' lang='lat' dir='ltr'>est</span> <span class='ocrx_word' id='word_1_100' title='bbox 697 1289 801 1352; x_wconf 85' lang='lat' dir='ltr'>grave,</span> <span class='ocrx_word' id='word_1_101' title='bbox 852 1281 923 1342; x_wconf 68' lang='lat' dir='ltr'>talis</span> <span class='ocrx_word' id='word_1_102' title='bbox 939 1282 1042 1358; x_wconf 70' lang='lat' dir='ltr'>imago</span> <span class='ocrx_word' id='word_1_103' title='bbox 1063 1279 1161 1358; x_wconf 70' lang='lat' dir='ltr'>magis</span> <span class='ocrx_word' id='word_1_104' title='bbox 1179 1284 1283 1340; x_wconf 77' lang='lat' dir='ltr'>movet</span> <span class='ocrx_word' id='word_1_105' title='bbox 1307 1279 1348 1339; x_wconf 75' lang='lat' dir='ltr'>ad</span> <span class='ocrx_word' id='word_1_106' title='bbox 1374 1278 1504 1354; x_wconf 75' lang='lat' dir='ltr'>malum,</span> <span class='ocrx_word' id='word_1_107' title='bbox 1530 1294 1625 1356; x_wconf 78' lang='lat' dir='ltr'>quam</span> 
     </span>
     <span class='ocr_line' id='line_1_10' title="bbox 50 1366 1626 1450; baseline -0.006 -18"><span class='ocrx_word' id='word_1_108' title='bbox 50 1374 111 1450; x_wconf 80' lang='lat' dir='ltr'>qrria</span> <span class='ocrx_word' id='word_1_109' title='bbox 123 1378 165 1432; x_wconf 91' lang='lat' dir='ltr'>est</span> <span class='ocrx_word' id='word_1_110' title='bbox 177 1371 289 1432; x_wconf 87' lang='lat' dir='ltr'>merito</span> <span class='ocrx_word' id='word_1_111' title='bbox 297 1369 432 1448; x_wconf 81' lang='lat' dir='ltr'>graviter</span> <span class='ocrx_word' id='word_1_112' title='bbox 441 1366 800 1442; x_wconf 73' lang='lat' dir='ltr'>contristativumzergo.</span> <span class='ocrx_word' id='word_1_113' title='bbox 854 1392 955 1435; x_wconf 69' lang='lat' dir='ltr'>sermo</span> <span class='ocrx_word' id='word_1_114' title='bbox 980 1374 1153 1446; x_wconf 68' lang='lat' dir='ltr'>obscoenus,</span> <span class='ocrx_word' id='word_1_115' title='bbox 1174 1377 1205 1432; x_wconf 73' lang='lat' dir='ltr'>ct</span> <span class='ocrx_word' id='word_1_116' title='bbox 1230 1377 1336 1432; x_wconf 65' lang='lat' dir='ltr'>tamen</span> <span class='ocrx_word' id='word_1_117' title='bbox 1359 1375 1479 1431; x_wconf 71' lang='lat' dir='ltr'>certum</span> <span class='ocrx_word' id='word_1_118' title='bbox 1506 1377 1552 1431; x_wconf 72' lang='lat' dir='ltr'>est</span> <span class='ocrx_word' id='word_1_119' title='bbox 1568 1387 1626 1450; x_wconf 74' lang='lat' dir='ltr'>per</span> 
     </span>
     <span class='ocr_line' id='line_1_11' title="bbox 49 1457 1621 1544; baseline -0.003 -15"><span class='ocrx_word' id='word_1_120' title='bbox 49 1465 129 1544; x_wconf 80' lang='lat' dir='ltr'>Resp.</span> <span class='ocrx_word' id='word_1_121' title='bbox 145 1465 287 1543; x_wconf 81' lang='lat' dir='ltr'>Aliquem</span> <span class='ocrx_word' id='word_1_122' title='bbox 304 1461 457 1539; x_wconf 73' lang='lat' dir='ltr'>conjicere</span> <span class='ocrx_word' id='word_1_123' title='bbox 471 1459 504 1518; x_wconf 79' lang='grc'>111</span> <span class='ocrx_word' id='word_1_124' title='bbox 522 1458 628 1537; x_wconf 70' lang='lat' dir='ltr'>ignem</span> <span class='ocrx_word' id='word_1_125' title='bbox 641 1458 681 1517; x_wconf 70' lang='lat' dir='ltr'>ad</span> <span class='ocrx_word' id='word_1_126' title='bbox 694 1457 803 1518; x_wconf 91' lang='lat' dir='ltr'>horam</span> <span class='ocrx_word' id='word_1_127' title='bbox 854 1485 1029 1528; x_wconf 87' lang='lat' dir='ltr'>sermonem</span> <span class='ocrx_word' id='word_1_128' title='bbox 1052 1465 1233 1526; x_wconf 84' lang='lat' dir='ltr'>obscoenum</span> <span class='ocrx_word' id='word_1_129' title='bbox 1247 1464 1314 1524; x_wconf 87' lang='lat' dir='ltr'>dari</span> <span class='ocrx_word' id='word_1_130' title='bbox 1327 1482 1421 1542; x_wconf 80' lang='lat' dir='ltr'>grave</span> <span class='ocrx_word' id='word_1_131' title='bbox 1431 1463 1621 1524; x_wconf 89' lang='lat' dir='ltr'>scandalum.</span> 
     </span>
     <span class='ocr_line' id='line_1_12' title="bbox 49 1549 1625 1636; baseline -0.004 -13"><span class='ocrx_word' id='word_1_132' title='bbox 49 1562 87 1616; x_wconf 71' lang='lat' dir='ltr'>tsi</span> <span class='ocrx_word' id='word_1_133' title='bbox 100 1574 197 1634; x_wconf 75' lang='lat' dir='ltr'>grave,</span> <span class='ocrx_word' id='word_1_134' title='bbox 225 1556 251 1616; x_wconf 81' lang='lat' dir='ltr'>si</span> <span class='ocrx_word' id='word_1_135' title='bbox 274 1555 344 1633; x_wconf 74' lang='lat' dir='ltr'>quit</span> <span class='ocrx_word' id='word_1_136' title='bbox 362 1553 477 1614; x_wconf 68' lang='grc'>(1116111</span> <span class='ocrx_word' id='word_1_137' title='bbox 498 1551 650 1623; x_wconf 62' lang='lat' dir='ltr'>intendat,</span> <span class='ocrx_word' id='word_1_138' title='bbox 671 1549 721 1610; x_wconf 62' lang='lat' dir='ltr'>Vel</span> <span class='ocrx_word' id='word_1_139' title='bbox 744 1549 804 1610; x_wconf 91' lang='lat' dir='ltr'>hoo</span> <span class='ocrx_word' id='word_1_140' title='bbox 854 1559 949 1620; x_wconf 80' lang='lat' dir='ltr'>Infert</span> <span class='ocrx_word' id='word_1_141' title='bbox 962 1559 1060 1618; x_wconf 87' lang='lat' dir='ltr'>Diana</span> <span class='ocrx_word' id='word_1_142' title='bbox 1073 1575 1136 1631; x_wconf 90' lang='lat' dir='ltr'>eos,</span> <span class='ocrx_word' id='word_1_143' title='bbox 1152 1556 1208 1636; x_wconf 86' lang='lat' dir='ltr'>qui</span> <span class='ocrx_word' id='word_1_144' title='bbox 1232 1557 1367 1617; x_wconf 82' lang='lat' dir='ltr'>retinent</span> <span class='ocrx_word' id='word_1_145' title='bbox 1382 1555 1533 1634; x_wconf 84' lang='lat' dir='ltr'>ejusmodi</span> <span class='ocrx_word' id='word_1_146' title='bbox 1547 1555 1625 1616; x_wconf 89' lang='lat' dir='ltr'>ima-</span> 
     </span>
     <span class='ocr_line' id='line_1_13' title="bbox 47 1641 1625 1730; baseline -0.002 -19"><span class='ocrx_word' id='word_1_147' title='bbox 47 1654 137 1722; x_wconf 81' lang='lat' dir='ltr'>auset</span> <span class='ocrx_word' id='word_1_148' title='bbox 148 1649 289 1729; x_wconf 85' lang='lat' dir='ltr'>proxima</span> <span class='ocrx_word' id='word_1_149' title='bbox 300 1651 331 1708; x_wconf 80' lang='lat' dir='ltr'>et</span> <span class='ocrx_word' id='word_1_150' title='bbox 345 1645 566 1726; x_wconf 71' lang='lat' dir='ltr'>principaliter,</span> <span class='ocrx_word' id='word_1_151' title='bbox 589 1644 697 1704; x_wconf 75' lang='lat' dir='ltr'>Trans·</span> <span class='ocrx_word' id='word_1_152' title='bbox 715 1642 741 1702; x_wconf 80' lang='lat' dir='ltr'>Si</span> <span class='ocrx_word' id='word_1_153' title='bbox 754 1641 802 1702; x_wconf 80' lang='grc'>111-</span> <span class='ocrx_word' id='word_1_154' title='bbox 854 1651 941 1729; x_wconf 80' lang='lat' dir='ltr'>gines</span> <span class='ocrx_word' id='word_1_155' title='bbox 954 1651 1067 1730; x_wconf 89' lang='lat' dir='ltr'>palam,</span> <span class='ocrx_word' id='word_1_156' title='bbox 1085 1655 1116 1710; x_wconf 89' lang='lat' dir='ltr'>et</span> <span class='ocrx_word' id='word_1_157' title='bbox 1129 1649 1238 1710; x_wconf 87' lang='lat' dir='ltr'>saltem</span> <span class='ocrx_word' id='word_1_158' title='bbox 1251 1667 1315 1708; x_wconf 90' lang='lat' dir='ltr'>non</span> <span class='ocrx_word' id='word_1_159' title='bbox 1325 1648 1516 1728; x_wconf 86' lang='lat' dir='ltr'>cooperiunt,</span> <span class='ocrx_word' id='word_1_160' title='bbox 1533 1649 1625 1708; x_wconf 88' lang='lat' dir='ltr'>etiam</span> 
     </span>
     <span class='ocr_line' id='line_1_14' title="bbox 47 1738 1627 1824; baseline -0.003 -19"><span class='ocrx_word' id='word_1_161' title='bbox 47 1741 146 1802; x_wconf 79' lang='lat' dir='ltr'>directe</span> <span class='ocrx_word' id='word_1_162' title='bbox 167 1747 293 1802; x_wconf 86' lang='lat' dir='ltr'>tantum</span> <span class='ocrx_word' id='word_1_163' title='bbox 320 1746 351 1800; x_wconf 82' lang='lat' dir='ltr'>et</span> <span class='ocrx_word' id='word_1_164' title='bbox 372 1744 503 1813; x_wconf 74' lang='lat' dir='ltr'>remote,</span> <span class='ocrx_word' id='word_1_165' title='bbox 528 1753 630 1815; x_wconf 75' lang='lat' dir='ltr'>neque</span> <span class='ocrx_word' id='word_1_166' title='bbox 656 1738 691 1794; x_wconf 87' lang='lat' dir='ltr'>ut</span> <span class='ocrx_word' id='word_1_167' title='bbox 712 1753 804 1796; x_wconf 73' lang='grc'>11111111</span> <span class='ocrx_word' id='word_1_168' title='bbox 852 1762 979 1824; x_wconf 84' lang='lat' dir='ltr'>peccare</span> <span class='ocrx_word' id='word_1_169' title='bbox 996 1741 1182 1816; x_wconf 81' lang='lat' dir='ltr'>mortaliter,</span> <span class='ocrx_word' id='word_1_170' title='bbox 1206 1746 1236 1802; x_wconf 90' lang='lat' dir='ltr'>et</span> <span class='ocrx_word' id='word_1_171' title='bbox 1256 1741 1425 1802; x_wconf 85' lang='lat' dir='ltr'>estendam</span> <span class='ocrx_word' id='word_1_172' title='bbox 1446 1740 1535 1800; x_wconf 89' lang='lat' dir='ltr'>ratio.</span> <span class='ocrx_word' id='word_1_173' title='bbox 1563 1739 1627 1800; x_wconf 87' lang='lat' dir='ltr'>Nec</span> 
     </span>
     <span class='ocr_line' id='line_1_15' title="bbox 46 1828 1625 1913; baseline -0.001 -19"><span class='ocrx_word' id='word_1_174' title='bbox 46 1834 220 1913; x_wconf 86' lang='lat' dir='ltr'>principalis,</span> <span class='ocrx_word' id='word_1_175' title='bbox 257 1833 294 1894; x_wconf 92' lang='lat' dir='ltr'>N.</span> <span class='ocrx_word' id='word_1_176' title='bbox 331 1833 461 1892; x_wconf 86' lang='lat' dir='ltr'>Peccata</span> <span class='ocrx_word' id='word_1_177' title='bbox 492 1828 607 1890; x_wconf 87' lang='lat' dir='ltr'>veniali</span> <span class='ocrx_word' id='word_1_178' title='bbox 639 1828 805 1906; x_wconf 88' lang='lat' dir='ltr'>respondet</span> <span class='ocrx_word' id='word_1_179' title='bbox 853 1835 945 1896; x_wconf 81' lang='lat' dir='ltr'>obstat</span> <span class='ocrx_word' id='word_1_180' title='bbox 959 1853 1035 1896; x_wconf 87' lang='lat' dir='ltr'>usus</span> <span class='ocrx_word' id='word_1_181' title='bbox 1048 1833 1393 1912; x_wconf 75' lang='lat' dir='ltr'>eommuniavelquod</span> <span class='ocrx_word' id='word_1_182' title='bbox 1408 1832 1625 1892; x_wconf 89' lang='lat' dir='ltr'>arssieosten-</span> 
     </span>
     <span class='ocr_line' id='line_1_16' title="bbox 47 1919 1627 2006; baseline -0.001 -19"><span class='ocrx_word' id='word_1_183' title='bbox 47 1943 126 2003; x_wconf 78' lang='lat' dir='ltr'>pena</span> <span class='ocrx_word' id='word_1_184' title='bbox 137 1925 322 2006; x_wconf 81' lang='lat' dir='ltr'>purgatorii,</span> <span class='ocrx_word' id='word_1_185' title='bbox 337 1924 371 1984; x_wconf 89' lang='lat' dir='ltr'>in</span> <span class='ocrx_word' id='word_1_186' title='bbox 385 1927 537 2002; x_wconf 85' lang='lat' dir='ltr'>quantum</span> <span class='ocrx_word' id='word_1_187' title='bbox 552 1925 597 1982; x_wconf 78' lang='lat' dir='ltr'>est</span> <span class='ocrx_word' id='word_1_188' title='bbox 617 1919 735 1980; x_wconf 76' lang='lat' dir='ltr'>offensa</span> <span class='ocrx_word' id='word_1_189' title='bbox 749 1920 804 1980; x_wconf 81' lang='lat' dir='ltr'>Dei</span> <span class='ocrx_word' id='word_1_190' title='bbox 853 1926 955 2004; x_wconf 90' lang='lat' dir='ltr'>datur,</span> <span class='ocrx_word' id='word_1_191' title='bbox 971 1946 1041 1990; x_wconf 83' lang='lat' dir='ltr'>eom</span> <span class='ocrx_word' id='word_1_192' title='bbox 1055 1944 1130 1988; x_wconf 89' lang='lat' dir='ltr'>usus</span> <span class='ocrx_word' id='word_1_193' title='bbox 1144 1925 1196 1986; x_wconf 89' lang='lat' dir='ltr'>ille</span> <span class='ocrx_word' id='word_1_194' title='bbox 1214 1926 1419 2005; x_wconf 89' lang='lat' dir='ltr'>estpessimus</span> <span class='ocrx_word' id='word_1_195' title='bbox 1432 1924 1546 1986; x_wconf 84' lang='lat' dir='ltr'>abusus</span> <span class='ocrx_word' id='word_1_196' title='bbox 1558 1943 1566 2000; x_wconf 93' lang='lat'>;</span> <span class='ocrx_word' id='word_1_197' title='bbox 1576 1941 1627 1986; x_wconf 76' lang='lat' dir='ltr'>ara</span> 
     </span>
     <span class='ocr_line' id='line_1_17' title="bbox 45 2013 1622 2098; baseline -0.001 -21"><span class='ocrx_word' id='word_1_198' title='bbox 45 2017 140 2078; x_wconf 90' lang='lat' dir='ltr'>saltem</span> <span class='ocrx_word' id='word_1_199' title='bbox 162 2017 335 2079; x_wconf 88' lang='lat' dir='ltr'>secundum</span> <span class='ocrx_word' id='word_1_200' title='bbox 358 2015 434 2094; x_wconf 91' lang='lat' dir='ltr'>quid</span> <span class='ocrx_word' id='word_1_201' title='bbox 451 2033 458 2074; x_wconf 75' lang='grc' dir='ltr'><strong>ε</strong></span> <span class='ocrx_word' id='word_1_202' title='bbox 479 2014 628 2078; x_wconf 85' lang='lat' dir='ltr'>inducens</span> <span class='ocrx_word' id='word_1_203' title='bbox 645 2016 751 2072; x_wconf 78' lang='lat' dir='ltr'>autem</span> <span class='ocrx_word' id='word_1_204' title='bbox 765 2013 804 2072; x_wconf 76' lang='lat' dir='ltr'>ad</span> <span class='ocrx_word' id='word_1_205' title='bbox 853 2025 969 2092; x_wconf 88' lang='lat' dir='ltr'>autem,</span> <span class='ocrx_word' id='word_1_206' title='bbox 986 2019 1105 2098; x_wconf 75' lang='lat' dir='ltr'>cpueaad</span> <span class='ocrx_word' id='word_1_207' title='bbox 1119 2019 1238 2078; x_wconf 90' lang='lat' dir='ltr'>bonum</span> <span class='ocrx_word' id='word_1_208' title='bbox 1248 2017 1437 2096; x_wconf 77' lang='lat' dir='ltr'>Reipublicae</span> <span class='ocrx_word' id='word_1_209' title='bbox 1448 2017 1622 2090; x_wconf 90' lang='lat' dir='ltr'>essedebet,</span> 
     </span>
     <span class='ocr_line' id='line_1_18' title="bbox 46 2103 1626 2191; baseline -0.007 -24"><span class='ocrx_word' id='word_1_210' title='bbox 46 2107 151 2170; x_wconf 75' lang='lat' dir='ltr'>veniale</span> <span class='ocrx_word' id='word_1_211' title='bbox 168 2128 234 2170; x_wconf 88' lang='lat' dir='ltr'>non</span> <span class='ocrx_word' id='word_1_212' title='bbox 247 2108 383 2169; x_wconf 72' lang='lat' dir='ltr'>intendit</span> <span class='ocrx_word' id='word_1_213' title='bbox 396 2107 511 2168; x_wconf 78' lang='lat' dir='ltr'>(iirecie</span> <span class='ocrx_word' id='word_1_214' title='bbox 525 2110 561 2165; x_wconf 74' lang='lat' dir='ltr'>ui</span> <span class='ocrx_word' id='word_1_215' title='bbox 574 2103 722 2164; x_wconf 74' lang='lat' dir='ltr'>offensam</span> <span class='ocrx_word' id='word_1_216' title='bbox 736 2104 801 2178; x_wconf 78' lang='lat' dir='ltr'>Dei,</span> <span class='ocrx_word' id='word_1_217' title='bbox 853 2130 909 2190; x_wconf 78' lang='lat' dir='ltr'>per</span> <span class='ocrx_word' id='word_1_218' title='bbox 922 2113 981 2174; x_wconf 77' lang='lat' dir='ltr'>hoc</span> <span class='ocrx_word' id='word_1_219' title='bbox 993 2111 1093 2191; x_wconf 75' lang='lat' dir='ltr'>perdit</span> <span class='ocrx_word' id='word_1_220' title='bbox 1102 2111 1199 2172; x_wconf 75' lang='lat' dir='ltr'>finem</span> <span class='ocrx_word' id='word_1_221' title='bbox 1210 2111 1296 2186; x_wconf 77' lang='lat' dir='ltr'>attis,</span> <span class='ocrx_word' id='word_1_222' title='bbox 1308 2111 1381 2188; x_wconf 69' lang='lat' dir='ltr'>quia</span> <span class='ocrx_word' id='word_1_223' title='bbox 1392 2109 1626 2188; x_wconf 72' lang='lat' dir='ltr'>fitperniciosig.</span> 
     </span>
     <span class='ocr_line' id='line_1_19' title="bbox 44 2195 1626 2282; baseline 0.002 -22"><span class='ocrx_word' id='word_1_224' title='bbox 44 2201 82 2260; x_wconf 86' lang='lat' dir='ltr'>uti</span> <span class='ocrx_word' id='word_1_225' title='bbox 93 2219 229 2281; x_wconf 92' lang='lat' dir='ltr'>suppono</span> <span class='ocrx_word' id='word_1_226' title='bbox 246 2221 254 2262; x_wconf 78' lang='grc' dir='ltr'>ι</span> <span class='ocrx_word' id='word_1_227' title='bbox 271 2218 345 2278; x_wconf 81' lang='lat' dir='ltr'>ergo</span> <span class='ocrx_word' id='word_1_228' title='bbox 357 2217 414 2260; x_wconf 90' lang='lat' dir='ltr'>neo</span> <span class='ocrx_word' id='word_1_229' title='bbox 428 2197 560 2258; x_wconf 86' lang='lat' dir='ltr'>intendit</span> <span class='ocrx_word' id='word_1_230' title='bbox 571 2201 660 2256; x_wconf 82' lang='lat' dir='ltr'>otest</span> <span class='ocrx_word' id='word_1_231' title='bbox 670 2195 801 2256; x_wconf 85' lang='lat' dir='ltr'>causati·</span> <span class='ocrx_word' id='word_1_232' title='bbox 853 2204 941 2276; x_wconf 89' lang='lat' dir='ltr'>sima,</span> <span class='ocrx_word' id='word_1_233' title='bbox 956 2205 1089 2282; x_wconf 89' lang='lat' dir='ltr'>ideoque</span> <span class='ocrx_word' id='word_1_234' title='bbox 1102 2223 1121 2264; x_wconf 91' lang='lat' dir='ltr'>a</span> <span class='ocrx_word' id='word_1_235' title='bbox 1134 2220 1267 2264; x_wconf 90' lang='lat' dir='ltr'>numero</span> <span class='ocrx_word' id='word_1_236' title='bbox 1281 2202 1407 2277; x_wconf 67' lang='lat' dir='ltr'>artiuna</span> <span class='ocrx_word' id='word_1_237' title='bbox 1424 2201 1525 2281; x_wconf 87' lang='lat' dir='ltr'>quoad</span> <span class='ocrx_word' id='word_1_238' title='bbox 1540 2202 1626 2263; x_wconf 88' lang='lat' dir='ltr'>illem</span> 
     </span>
     <span class='ocr_line' id='line_1_20' title="bbox 48 2288 1304 2376; baseline -0.004 -24"><span class='ocrx_word' id='word_1_239' title='bbox 48 2311 113 2352; x_wconf 80' lang='lat' dir='ltr'>rum</span> <span class='ocrx_word' id='word_1_240' title='bbox 125 2294 193 2354; x_wconf 88' lang='lat' dir='ltr'>talis</span> <span class='ocrx_word' id='word_1_241' title='bbox 206 2311 308 2372; x_wconf 75' lang='lat' dir='ltr'>poenae</span> <span class='ocrx_word' id='word_1_242' title='bbox 325 2311 333 2352; x_wconf 79' lang='lat'>2</span> <span class='ocrx_word' id='word_1_243' title='bbox 355 2291 466 2376; x_wconf 78' lang='lat' dir='ltr'>deinde</span> <span class='ocrx_word' id='word_1_244' title='bbox 484 2307 577 2370; x_wconf 80' lang='lat' dir='ltr'>perna</span> <span class='ocrx_word' id='word_1_245' title='bbox 594 2288 647 2349; x_wconf 91' lang='lat' dir='ltr'>illa</span> <span class='ocrx_word' id='word_1_246' title='bbox 661 2306 725 2348; x_wconf 89' lang='lat' dir='ltr'>non</span> <span class='ocrx_word' id='word_1_247' title='bbox 738 2305 801 2348; x_wconf 74' lang='lat' dir='ltr'>res·</span> <span class='ocrx_word' id='word_1_248' title='bbox 852 2302 983 2375; x_wconf 72' lang='lat' dir='ltr'>partem,</span> <span class='ocrx_word' id='word_1_249' title='bbox 1001 2301 1079 2356; x_wconf 71' lang='lat' dir='ltr'>esset</span> <span class='ocrx_word' id='word_1_250' title='bbox 1090 2295 1304 2374; x_wconf 68' lang='lat' dir='ltr'>expungenda,</span> 
     </span>
     <span class='ocr_line' id='line_1_21' title="bbox 45 2363 1708 2466; baseline -0.007 -22"><span class='ocrx_word' id='word_1_251' title='bbox 45 2386 149 2462; x_wconf 88' lang='lat' dir='ltr'>pandet</span> <span class='ocrx_word' id='word_1_252' title='bbox 159 2385 302 2465; x_wconf 83' lang='lat' dir='ltr'>proxime</span> <span class='ocrx_word' id='word_1_253' title='bbox 315 2383 428 2444; x_wconf 86' lang='lat' dir='ltr'>veniali</span> <span class='ocrx_word' id='word_1_254' title='bbox 443 2383 532 2458; x_wconf 87' lang='lat' dir='ltr'>facto,</span> <span class='ocrx_word' id='word_1_255' title='bbox 549 2381 602 2442; x_wconf 88' lang='lat' dir='ltr'>sed</span> <span class='ocrx_word' id='word_1_256' title='bbox 619 2381 668 2440; x_wconf 90' lang='lat' dir='ltr'>illi</span> <span class='ocrx_word' id='word_1_257' title='bbox 681 2379 760 2440; x_wconf 87' lang='lat' dir='ltr'>facto</span> <span class='ocrx_word' id='word_1_258' title='bbox 773 2386 802 2440; x_wconf 89' lang='lat' dir='ltr'>et</span> <span class='ocrx_word' id='word_1_259' title='bbox 895 2388 993 2464; x_wconf 63' lang='grc'>(166,</span> <span class='ocrx_word' id='word_1_260' title='bbox 1013 2387 1092 2464; x_wconf 66' lang='lat' dir='ltr'>Quid</span> <span class='ocrx_word' id='word_1_261' title='bbox 1107 2387 1142 2448; x_wconf 71' lang='lat' dir='ltr'>(le</span> <span class='ocrx_word' id='word_1_262' title='bbox 1161 2388 1297 2466; x_wconf 66' lang='lat' dir='ltr'>turpibus</span> <span class='ocrx_word' id='word_1_263' title='bbox 1318 2385 1625 2449; x_wconf 59' lang='lat' dir='ltr'>comptissimam.</span> <span class='ocrx_word' id='word_1_264' title='bbox 1650 2363 1708 2423; x_wconf 80' lang='lat'>237</span> 
     </span>
     <span class='ocr_line' id='line_1_22' title="bbox 42 2475 1626 2560; baseline -0.007 -10"><span class='ocrx_word' id='word_1_265' title='bbox 42 2493 98 2537; x_wconf 80' lang='lat' dir='ltr'>11⁰ss</span> <span class='ocrx_word' id='word_1_266' title='bbox 119 2479 251 2557; x_wconf 66' lang='grc' dir='ltr'>θΧΡίἃῐθ,</span> <span class='ocrx_word' id='word_1_267' title='bbox 276 2475 408 2555; x_wconf 65' lang='lat' dir='ltr'>qualiter</span> <span class='ocrx_word' id='word_1_268' title='bbox 429 2475 553 2555; x_wconf 68' lang='grc'>1111111111</span> <span class='ocrx_word' id='word_1_269' title='bbox 576 2479 642 2534; x_wconf 67' lang='lat' dir='ltr'>emi</span> <span class='ocrx_word' id='word_1_270' title='bbox 667 2475 802 2551; x_wconf 74' lang='grc' dir='ltr'>116011111ῐί</span> <span class='ocrx_word' id='word_1_271' title='bbox 852 2480 932 2542; x_wconf 86' lang='lat' dir='ltr'>dum.</span> <span class='ocrx_word' id='word_1_272' title='bbox 950 2483 1045 2560; x_wconf 90' lang='lat' dir='ltr'>Resp.</span> <span class='ocrx_word' id='word_1_273' title='bbox 1057 2482 1100 2541; x_wconf 89' lang='lat' dir='ltr'>De</span> <span class='ocrx_word' id='word_1_274' title='bbox 1114 2480 1162 2540; x_wconf 87' lang='lat' dir='ltr'>bis</span> <span class='ocrx_word' id='word_1_275' title='bbox 1174 2479 1272 2540; x_wconf 83' lang='lat' dir='ltr'>videri</span> <span class='ocrx_word' id='word_1_276' title='bbox 1286 2483 1386 2558; x_wconf 88' lang='lat' dir='ltr'>potest</span> <span class='ocrx_word' id='word_1_277' title='bbox 1399 2479 1626 2539; x_wconf 83' lang='lat' dir='ltr'>oomoedioeri-</span> 
     </span>
     <span class='ocr_line' id='line_1_23' title="bbox 40 2564 1627 2650; baseline -0.001 -25"><span class='ocrx_word' id='word_1_278' title='bbox 40 2565 117 2630; x_wconf 86' lang='lat' dir='ltr'>facile</span> <span class='ocrx_word' id='word_1_279' title='bbox 134 2591 140 2628; x_wconf 96' lang='lat'><strong>:</strong></span> <span class='ocrx_word' id='word_1_280' title='bbox 157 2569 292 2648; x_wconf 79' lang='lat' dir='ltr'>denique</span> <span class='ocrx_word' id='word_1_281' title='bbox 311 2585 406 2647; x_wconf 73' lang='lat' dir='ltr'>peona</span> <span class='ocrx_word' id='word_1_282' title='bbox 426 2567 479 2626; x_wconf 87' lang='lat' dir='ltr'>ille</span> <span class='ocrx_word' id='word_1_283' title='bbox 492 2564 657 2644; x_wconf 87' lang='lat' dir='ltr'>respondet</span> <span class='ocrx_word' id='word_1_284' title='bbox 676 2564 802 2624; x_wconf 77' lang='lat' dir='ltr'>malitie</span> <span class='ocrx_word' id='word_1_285' title='bbox 853 2573 904 2645; x_wconf 77' lang='lat' dir='ltr'>sis,</span> <span class='ocrx_word' id='word_1_286' title='bbox 925 2573 988 2632; x_wconf 75' lang='lat' dir='ltr'>sive</span> <span class='ocrx_word' id='word_1_287' title='bbox 1008 2572 1166 2632; x_wconf 74' lang='lat' dir='ltr'>theatrum</span> <span class='ocrx_word' id='word_1_288' title='bbox 1187 2570 1371 2650; x_wconf 76' lang='lat' dir='ltr'>Hieronymi</span> <span class='ocrx_word' id='word_1_289' title='bbox 1393 2569 1566 2630; x_wconf 75' lang='lat' dir='ltr'>Placentini</span> <span class='ocrx_word' id='word_1_290' title='bbox 1593 2571 1627 2630; x_wconf 86' lang='lat' dir='ltr'>in</span> 
     </span>
     <span class='ocr_line' id='line_1_24' title="bbox 41 2656 1627 2744; baseline -0.009 -6"><span class='ocrx_word' id='word_1_291' title='bbox 41 2661 144 2738; x_wconf 66' lang='lat' dir='ltr'>Pessfflii</span> <span class='ocrx_word' id='word_1_292' title='bbox 153 2661 295 2736; x_wconf 57' lang='lat' dir='ltr'>venialis,</span> <span class='ocrx_word' id='word_1_293' title='bbox 307 2677 377 2738; x_wconf 68' lang='lat' dir='ltr'><strong>&lt;1¹1ae</strong></span> <span class='ocrx_word' id='word_1_294' title='bbox 390 2657 603 2738; x_wconf 54' lang='lat' dir='ltr'>principali*ee</span> <span class='ocrx_word' id='word_1_295' title='bbox 615 2656 804 2717; x_wconf 89' lang='lat' dir='ltr'>estavolun-</span> <span class='ocrx_word' id='word_1_296' title='bbox 853 2683 916 2744; x_wconf 87' lang='lat' dir='ltr'>quo</span> <span class='ocrx_word' id='word_1_297' title='bbox 930 2663 1064 2725; x_wconf 84' lang='lat' dir='ltr'>ostendit</span> <span class='ocrx_word' id='word_1_298' title='bbox 1082 2663 1237 2741; x_wconf 83' lang='lat' dir='ltr'>originem</span> <span class='ocrx_word' id='word_1_299' title='bbox 1259 2663 1500 2736; x_wconf 82' lang='lat' dir='ltr'>comoediarum3</span> <span class='ocrx_word' id='word_1_300' title='bbox 1516 2661 1627 2724; x_wconf 87' lang='lat' dir='ltr'>deinde</span> 
     </span>
     <span class='ocr_line' id='line_1_25' title="bbox 38 2749 1628 2833; baseline -0.003 -15"><span class='ocrx_word' id='word_1_301' title='bbox 38 2756 93 2814; x_wconf 74' lang='lat' dir='ltr'>ieta</span> <span class='ocrx_word' id='word_1_302' title='bbox 115 2753 405 2832; x_wconf 66' lang='lat' dir='ltr'>pascendamque</span> <span class='ocrx_word' id='word_1_303' title='bbox 427 2757 533 2812; x_wconf 79' lang='lat' dir='ltr'>tamen</span> <span class='ocrx_word' id='word_1_304' title='bbox 556 2749 628 2809; x_wconf 77' lang='lat' dir='ltr'>inde</span> <span class='ocrx_word' id='word_1_305' title='bbox 653 2749 802 2828; x_wconf 69' lang='lat' dir='ltr'>sequitur,</span> <span class='ocrx_word' id='word_1_306' title='bbox 853 2755 978 2817; x_wconf 79' lang='lat' dir='ltr'>adducit</span> <span class='ocrx_word' id='word_1_307' title='bbox 1000 2755 1166 2816; x_wconf 86' lang='lat' dir='ltr'>sententias</span> <span class='ocrx_word' id='word_1_308' title='bbox 1184 2756 1310 2816; x_wconf 87' lang='lat' dir='ltr'>Petrum</span> <span class='ocrx_word' id='word_1_309' title='bbox 1329 2758 1437 2814; x_wconf 88' lang='lat' dir='ltr'>contra</span> <span class='ocrx_word' id='word_1_310' title='bbox 1450 2772 1521 2828; x_wconf 82' lang='lat' dir='ltr'>eas3</span> <span class='ocrx_word' id='word_1_311' title='bbox 1544 2761 1628 2833; x_wconf 87' lang='lat' dir='ltr'>post-</span> 
     </span>
     <span class='ocr_line' id='line_1_26' title="bbox 39 2841 1629 2926; baseline -0.003 -15"><span class='ocrx_word' id='word_1_312' title='bbox 39 2846 113 2922; x_wconf 76' lang='grc' dir='ltr'>1111οᾶ</span> <span class='ocrx_word' id='word_1_313' title='bbox 126 2847 192 2926; x_wconf 81' lang='lat' dir='ltr'>ipsa</span> <span class='ocrx_word' id='word_1_314' title='bbox 206 2863 337 2925; x_wconf 73' lang='lat' dir='ltr'>peccans</span> <span class='ocrx_word' id='word_1_315' title='bbox 356 2843 425 2904; x_wconf 77' lang='lat' dir='ltr'>ideo</span> <span class='ocrx_word' id='word_1_316' title='bbox 447 2847 551 2922; x_wconf 70' lang='lat' dir='ltr'>peccet</span> <span class='ocrx_word' id='word_1_317' title='bbox 563 2841 708 2920; x_wconf 68' lang='grc'>8111111111,</span> <span class='ocrx_word' id='word_1_318' title='bbox 730 2859 804 2900; x_wconf 89' lang='lat' dir='ltr'>narn</span> <span class='ocrx_word' id='word_1_319' title='bbox 853 2849 984 2910; x_wconf 86' lang='lat' dir='ltr'>modum</span> <span class='ocrx_word' id='word_1_320' title='bbox 992 2847 1111 2926; x_wconf 83' lang='lat' dir='ltr'>judicia</span> <span class='ocrx_word' id='word_1_321' title='bbox 1127 2848 1294 2908; x_wconf 81' lang='lat' dir='ltr'>Doctorum</span> <span class='ocrx_word' id='word_1_322' title='bbox 1316 2846 1581 2921; x_wconf 86' lang='lat' dir='ltr'>scholasticorum,</span> <span class='ocrx_word' id='word_1_323' title='bbox 1598 2852 1629 2908; x_wconf 89' lang='lat' dir='ltr'>et</span> 
     </span>
     <span class='ocr_line' id='line_1_27' title="bbox 37 2933 1627 3018; baseline -0.001 -17"><span class='ocrx_word' id='word_1_324' title='bbox 37 2936 115 2998; x_wconf 84' lang='lat' dir='ltr'>illam</span> <span class='ocrx_word' id='word_1_325' title='bbox 127 2955 256 3018; x_wconf 61' lang='lat' dir='ltr'>mnam</span> <span class='ocrx_word' id='word_1_326' title='bbox 273 2936 333 2998; x_wconf 85' lang='lat' dir='ltr'>sibi</span> <span class='ocrx_word' id='word_1_327' title='bbox 353 2936 431 3010; x_wconf 75' lang='grc'>11111,</span> <span class='ocrx_word' id='word_1_328' title='bbox 447 2953 512 2994; x_wconf 83' lang='grc'>11011</span> <span class='ocrx_word' id='word_1_329' title='bbox 528 2933 678 3009; x_wconf 70' lang='lat' dir='ltr'>absoluit,</span> <span class='ocrx_word' id='word_1_330' title='bbox 694 2938 725 2994; x_wconf 71' lang='lat' dir='ltr'>ei</span> <span class='ocrx_word' id='word_1_331' title='bbox 737 2933 804 2994; x_wconf 78' lang='lat' dir='ltr'>sine</span> <span class='ocrx_word' id='word_1_332' title='bbox 853 2940 1020 3001; x_wconf 90' lang='lat' dir='ltr'>moralium</span> <span class='ocrx_word' id='word_1_333' title='bbox 1033 2959 1071 3000; x_wconf 85' lang='lat' dir='ltr'>ex</span> <span class='ocrx_word' id='word_1_334' title='bbox 1085 2939 1173 3000; x_wconf 87' lang='lat' dir='ltr'>omni</span> <span class='ocrx_word' id='word_1_335' title='bbox 1192 2944 1273 3000; x_wconf 90' lang='lat' dir='ltr'>statu</span> <span class='ocrx_word' id='word_1_336' title='bbox 1294 2957 1330 2999; x_wconf 88' lang='lat' dir='ltr'>ac</span> <span class='ocrx_word' id='word_1_337' title='bbox 1350 2938 1478 3013; x_wconf 84' lang='lat' dir='ltr'>ordine3</span> <span class='ocrx_word' id='word_1_338' title='bbox 1494 2937 1627 3018; x_wconf 86' lang='lat' dir='ltr'>denique</span> 
     </span>
     <span class='ocr_line' id='line_1_28' title="bbox 36 3026 1625 3110; baseline 0 -20"><span class='ocrx_word' id='word_1_339' title='bbox 36 3045 129 3104; x_wconf 77' lang='lat' dir='ltr'>musa,</span> <span class='ocrx_word' id='word_1_340' title='bbox 151 3032 205 3092; x_wconf 89' lang='lat' dir='ltr'>sed</span> <span class='ocrx_word' id='word_1_341' title='bbox 226 3031 310 3108; x_wconf 88' lang='lat' dir='ltr'>juste</span> <span class='ocrx_word' id='word_1_342' title='bbox 328 3033 466 3090; x_wconf 74' lang='lat' dir='ltr'>taxatam</span> <span class='ocrx_word' id='word_1_343' title='bbox 480 3028 587 3101; x_wconf 78' lang='lat' dir='ltr'>abeo,</span> <span class='ocrx_word' id='word_1_344' title='bbox 609 3043 648 3086; x_wconf 85' lang='lat' dir='ltr'>ex</span> <span class='ocrx_word' id='word_1_345' title='bbox 668 3026 806 3104; x_wconf 90' lang='lat' dir='ltr'>supposi-</span> <span class='ocrx_word' id='word_1_346' title='bbox 854 3031 898 3093; x_wconf 88' lang='lat' dir='ltr'>sie</span> <span class='ocrx_word' id='word_1_347' title='bbox 912 3031 1079 3106; x_wconf 85' lang='lat' dir='ltr'>concludit,</span> <span class='ocrx_word' id='word_1_348' title='bbox 1093 3037 1123 3093; x_wconf 93' lang='grc'>1.</span> <span class='ocrx_word' id='word_1_349' title='bbox 1139 3037 1267 3110; x_wconf 91' lang='lat' dir='ltr'>peccant</span> <span class='ocrx_word' id='word_1_350' title='bbox 1285 3029 1460 3090; x_wconf 80' lang='lat' dir='ltr'>mortaliter</span> <span class='ocrx_word' id='word_1_351' title='bbox 1474 3030 1528 3108; x_wconf 88' lang='lat' dir='ltr'>qui</span> <span class='ocrx_word' id='word_1_352' title='bbox 1542 3048 1625 3090; x_wconf 90' lang='lat' dir='ltr'>eom-</span> 
     </span>
     <span class='ocr_line' id='line_1_29' title="bbox 33 3121 1629 3204; baseline 0.002 -24"><span class='ocrx_word' id='word_1_353' title='bbox 33 3121 112 3183; x_wconf 89' lang='lat' dir='ltr'>tione</span> <span class='ocrx_word' id='word_1_354' title='bbox 125 3123 257 3184; x_wconf 87' lang='lat' dir='ltr'>venialis</span> <span class='ocrx_word' id='word_1_355' title='bbox 271 3121 438 3183; x_wconf 86' lang='lat' dir='ltr'>commissi.</span> <span class='ocrx_word' id='word_1_356' title='bbox 854 3128 975 3204; x_wconf 91' lang='lat' dir='ltr'>ponunt</span> <span class='ocrx_word' id='word_1_357' title='bbox 995 3123 1044 3184; x_wconf 89' lang='lat' dir='ltr'>vel</span> <span class='ocrx_word' id='word_1_358' title='bbox 1062 3127 1161 3201; x_wconf 79' lang='lat' dir='ltr'>agunt</span> <span class='ocrx_word' id='word_1_359' title='bbox 1178 3122 1344 3183; x_wconf 76' lang='lat' dir='ltr'>comoedias</span> <span class='ocrx_word' id='word_1_360' title='bbox 1361 3121 1538 3182; x_wconf 87' lang='lat' dir='ltr'>notabiliter</span> <span class='ocrx_word' id='word_1_361' title='bbox 1561 3122 1629 3183; x_wconf 88' lang='lat' dir='ltr'>obs-</span> 
     </span>
     <span class='ocr_line' id='line_1_30' title="bbox 68 3209 1627 3294; baseline -0.001 -18"><span class='ocrx_word' id='word_1_362' title='bbox 68 3215 95 3292; x_wconf 80' lang='lat'>§.</span> <span class='ocrx_word' id='word_1_363' title='bbox 111 3217 140 3276; x_wconf 82' lang='grc'>3.</span> <span class='ocrx_word' id='word_1_364' title='bbox 157 3217 190 3278; x_wconf 86' lang='lat' dir='ltr'>si</span> <span class='ocrx_word' id='word_1_365' title='bbox 203 3215 274 3294; x_wconf 88' lang='lat' dir='ltr'>quis</span> <span class='ocrx_word' id='word_1_366' title='bbox 292 3213 414 3274; x_wconf 81' lang='lat' dir='ltr'>veniale</span> <span class='ocrx_word' id='word_1_367' title='bbox 432 3210 558 3270; x_wconf 88' lang='lat' dir='ltr'>alterius</span> <span class='ocrx_word' id='word_1_368' title='bbox 580 3209 755 3270; x_wconf 87' lang='lat' dir='ltr'>intenderet</span> <span class='ocrx_word' id='word_1_369' title='bbox 766 3227 804 3270; x_wconf 84' lang='lat' dir='ltr'>ex</span> <span class='ocrx_word' id='word_1_370' title='bbox 854 3233 957 3276; x_wconf 88' lang='lat' dir='ltr'>coenas</span> <span class='ocrx_word' id='word_1_371' title='bbox 969 3215 1090 3276; x_wconf 88' lang='lat' dir='ltr'>ratione</span> <span class='ocrx_word' id='word_1_372' title='bbox 1102 3215 1282 3289; x_wconf 88' lang='lat' dir='ltr'>verborum,</span> <span class='ocrx_word' id='word_1_373' title='bbox 1300 3212 1462 3286; x_wconf 84' lang='lat' dir='ltr'>laetorum,</span> <span class='ocrx_word' id='word_1_374' title='bbox 1483 3219 1627 3291; x_wconf 83' lang='lat' dir='ltr'>gestuum</span> 
     </span>
     <span class='ocr_line' id='line_1_31' title="bbox 31 3301 1627 3385; baseline 0 -19"><span class='ocrx_word' id='word_1_375' title='bbox 31 3305 96 3368; x_wconf 90' lang='lat' dir='ltr'>odlo</span> <span class='ocrx_word' id='word_1_376' title='bbox 118 3309 185 3383; x_wconf 84' lang='lat' dir='ltr'>Del,</span> <span class='ocrx_word' id='word_1_377' title='bbox 208 3312 332 3368; x_wconf 84' lang='lat' dir='ltr'>certum</span> <span class='ocrx_word' id='word_1_378' title='bbox 345 3310 392 3366; x_wconf 88' lang='lat' dir='ltr'>est</span> <span class='ocrx_word' id='word_1_379' title='bbox 407 3308 608 3384; x_wconf 88' lang='lat' dir='ltr'>peccaturum</span> <span class='ocrx_word' id='word_1_380' title='bbox 621 3301 803 3378; x_wconf 84' lang='lat' dir='ltr'>mortaliter,</span> <span class='ocrx_word' id='word_1_381' title='bbox 853 3308 903 3369; x_wconf 89' lang='lat' dir='ltr'>vel</span> <span class='ocrx_word' id='word_1_382' title='bbox 915 3313 1069 3368; x_wconf 90' lang='lat' dir='ltr'>motuum.</span> <span class='ocrx_word' id='word_1_383' title='bbox 1081 3307 1169 3368; x_wconf 83' lang='lat' dir='ltr'>Retio</span> <span class='ocrx_word' id='word_1_384' title='bbox 1182 3312 1239 3383; x_wconf 89' lang='lat' dir='ltr'>est,</span> <span class='ocrx_word' id='word_1_385' title='bbox 1253 3311 1323 3366; x_wconf 91' lang='lat' dir='ltr'>tum</span> <span class='ocrx_word' id='word_1_386' title='bbox 1333 3305 1408 3385; x_wconf 90' lang='lat' dir='ltr'>quia</span> <span class='ocrx_word' id='word_1_387' title='bbox 1421 3323 1485 3365; x_wconf 90' lang='lat' dir='ltr'>non</span> <span class='ocrx_word' id='word_1_388' title='bbox 1497 3313 1627 3385; x_wconf 89' lang='lat' dir='ltr'>possunt</span> 
     </span>
     <span class='ocr_line' id='line_1_32' title="bbox 30 3394 1625 3480; baseline -0.001 -19"><span class='ocrx_word' id='word_1_389' title='bbox 30 3399 97 3476; x_wconf 89' lang='lat' dir='ltr'>quia</span> <span class='ocrx_word' id='word_1_390' title='bbox 110 3399 145 3461; x_wconf 92' lang='lat' dir='ltr'>in</span> <span class='ocrx_word' id='word_1_391' title='bbox 159 3400 232 3461; x_wconf 88' lang='lat' dir='ltr'>odio</span> <span class='ocrx_word' id='word_1_392' title='bbox 248 3399 304 3460; x_wconf 88' lang='lat' dir='ltr'>Dei</span> <span class='ocrx_word' id='word_1_393' title='bbox 317 3415 383 3458; x_wconf 87' lang='lat' dir='ltr'>non</span> <span class='ocrx_word' id='word_1_394' title='bbox 396 3397 488 3456; x_wconf 85' lang='lat' dir='ltr'>datur</span> <span class='ocrx_word' id='word_1_395' title='bbox 501 3394 635 3474; x_wconf 77' lang='lat' dir='ltr'>parvitas</span> <span class='ocrx_word' id='word_1_396' title='bbox 644 3395 801 3455; x_wconf 75' lang='lat' dir='ltr'>materie:</span> <span class='ocrx_word' id='word_1_397' title='bbox 854 3419 920 3461; x_wconf 88' lang='lat' dir='ltr'>non</span> <span class='ocrx_word' id='word_1_398' title='bbox 934 3401 1048 3480; x_wconf 81' lang='lat' dir='ltr'>seipsos</span> <span class='ocrx_word' id='word_1_399' title='bbox 1062 3417 1216 3478; x_wconf 80' lang='lat' dir='ltr'>exponere</span> <span class='ocrx_word' id='word_1_400' title='bbox 1229 3398 1365 3479; x_wconf 86' lang='lat' dir='ltr'>periculo</span> <span class='ocrx_word' id='word_1_401' title='bbox 1384 3397 1493 3459; x_wconf 90' lang='lat' dir='ltr'>saltem</span> <span class='ocrx_word' id='word_1_402' title='bbox 1512 3399 1625 3477; x_wconf 88' lang='lat' dir='ltr'>probe-</span> 
     </span>
     <span class='ocr_line' id='line_1_33' title="bbox 28 3485 1626 3572; baseline -0.002 -20"><span class='ocrx_word' id='word_1_403' title='bbox 28 3491 252 3572; x_wconf 88' lang='lat' dir='ltr'>sedsupposito</span> <span class='ocrx_word' id='word_1_404' title='bbox 267 3490 350 3569; x_wconf 91' lang='lat' dir='ltr'>quod</span> <span class='ocrx_word' id='word_1_405' title='bbox 374 3493 501 3548; x_wconf 87' lang='lat' dir='ltr'>tantum</span> <span class='ocrx_word' id='word_1_406' title='bbox 521 3485 663 3546; x_wconf 88' lang='lat' dir='ltr'>intendat</span> <span class='ocrx_word' id='word_1_407' title='bbox 677 3503 716 3544; x_wconf 84' lang='lat' dir='ltr'>ex</span> <span class='ocrx_word' id='word_1_408' title='bbox 729 3503 805 3564; x_wconf 74' lang='lat' dir='ltr'>que</span> <span class='ocrx_word' id='word_1_409' title='bbox 853 3490 908 3552; x_wconf 89' lang='lat' dir='ltr'>bili</span> <span class='ocrx_word' id='word_1_410' title='bbox 931 3492 1080 3571; x_wconf 85' lang='lat' dir='ltr'>peccandi</span> <span class='ocrx_word' id='word_1_411' title='bbox 1106 3492 1290 3566; x_wconf 81' lang='lat' dir='ltr'>mortaliter,</span> <span class='ocrx_word' id='word_1_412' title='bbox 1319 3497 1389 3551; x_wconf 87' lang='lat' dir='ltr'>tum</span> <span class='ocrx_word' id='word_1_413' title='bbox 1407 3492 1481 3569; x_wconf 88' lang='lat' dir='ltr'>quia</span> <span class='ocrx_word' id='word_1_414' title='bbox 1505 3497 1626 3569; x_wconf 87' lang='lat' dir='ltr'>ponunt</span> 
     </span>
     <span class='ocr_line' id='line_1_34' title="bbox 27 3579 1626 3664; baseline 0.004 -27"><span class='ocrx_word' id='word_1_415' title='bbox 27 3581 93 3642; x_wconf 87' lang='lat' dir='ltr'>dam</span> <span class='ocrx_word' id='word_1_416' title='bbox 104 3585 177 3645; x_wconf 80' lang='lat' dir='ltr'>odio</span> <span class='ocrx_word' id='word_1_417' title='bbox 191 3583 344 3664; x_wconf 74' lang='lat' dir='ltr'>proximi,</span> <span class='ocrx_word' id='word_1_418' title='bbox 364 3581 464 3641; x_wconf 84' lang='lat' dir='ltr'>adhuc</span> <span class='ocrx_word' id='word_1_419' title='bbox 477 3579 598 3658; x_wconf 89' lang='lat' dir='ltr'>peccari</span> <span class='ocrx_word' id='word_1_420' title='bbox 608 3582 709 3658; x_wconf 88' lang='lat' dir='ltr'>potest</span> <span class='ocrx_word' id='word_1_421' title='bbox 722 3596 804 3640; x_wconf 89' lang='lat' dir='ltr'>mor·</span> <span class='ocrx_word' id='word_1_422' title='bbox 852 3584 991 3645; x_wconf 88' lang='lat' dir='ltr'>actiones</span> <span class='ocrx_word' id='word_1_423' title='bbox 1007 3584 1184 3644; x_wconf 84' lang='lat' dir='ltr'>excitativas</span> <span class='ocrx_word' id='word_1_424' title='bbox 1206 3583 1371 3663; x_wconf 89' lang='lat' dir='ltr'>spirituum</span> <span class='ocrx_word' id='word_1_425' title='bbox 1391 3580 1573 3660; x_wconf 80' lang='lat' dir='ltr'>genitalium</span> <span class='ocrx_word' id='word_1_426' title='bbox 1595 3587 1626 3643; x_wconf 89' lang='lat' dir='ltr'>et</span> 
     </span>
     <span class='ocr_line' id='line_1_35' title="bbox 24 3669 1624 3756; baseline 0.001 -22"><span class='ocrx_word' id='word_1_427' title='bbox 24 3673 120 3736; x_wconf 87' lang='lat' dir='ltr'>taliter</span> <span class='ocrx_word' id='word_1_428' title='bbox 134 3677 171 3736; x_wconf 88' lang='lat' dir='ltr'>in</span> <span class='ocrx_word' id='word_1_429' title='bbox 182 3674 370 3756; x_wconf 88' lang='lat' dir='ltr'>quibusdam</span> <span class='ocrx_word' id='word_1_430' title='bbox 381 3672 512 3745; x_wconf 86' lang='lat' dir='ltr'>casibus,</span> <span class='ocrx_word' id='word_1_431' title='bbox 527 3689 558 3730; x_wconf 83' lang='lat' dir='ltr'>v.</span> <span class='ocrx_word' id='word_1_432' title='bbox 574 3687 605 3748; x_wconf 92' lang='grc'>3.</span> <span class='ocrx_word' id='word_1_433' title='bbox 622 3669 648 3730; x_wconf 91' lang='lat' dir='ltr'>si</span> <span class='ocrx_word' id='word_1_434' title='bbox 659 3671 728 3748; x_wconf 85' lang='lat' dir='ltr'>quis</span> <span class='ocrx_word' id='word_1_435' title='bbox 741 3671 803 3732; x_wconf 87' lang='lat' dir='ltr'>Re.</span> <span class='ocrx_word' id='word_1_436' title='bbox 851 3676 890 3736; x_wconf 87' lang='lat' dir='ltr'>de</span> <span class='ocrx_word' id='word_1_437' title='bbox 914 3693 946 3736; x_wconf 85' lang='lat' dir='ltr'>se</span> <span class='ocrx_word' id='word_1_438' title='bbox 971 3675 1162 3736; x_wconf 82' lang='lat' dir='ltr'>inchoativae</span> <span class='ocrx_word' id='word_1_439' title='bbox 1183 3674 1374 3753; x_wconf 82' lang='lat' dir='ltr'>pollutionis,</span> <span class='ocrx_word' id='word_1_440' title='bbox 1397 3679 1465 3732; x_wconf 89' lang='lat' dir='ltr'>tum</span> <span class='ocrx_word' id='word_1_441' title='bbox 1492 3673 1624 3752; x_wconf 83' lang='lat' dir='ltr'>denique</span> 
     </span>
     <span class='ocr_line' id='line_1_36' title="bbox 25 3763 1625 3847; baseline 0.001 -23"><span class='ocrx_word' id='word_1_442' title='bbox 25 3763 165 3842; x_wconf 76' lang='lat' dir='ltr'>ligiosum</span> <span class='ocrx_word' id='word_1_443' title='bbox 187 3767 278 3828; x_wconf 88' lang='lat' dir='ltr'>valde</span> <span class='ocrx_word' id='word_1_444' title='bbox 308 3763 493 3845; x_wconf 78' lang='lat' dir='ltr'>perfectioni</span> <span class='ocrx_word' id='word_1_445' title='bbox 515 3763 664 3834; x_wconf 89' lang='lat' dir='ltr'>deditum,</span> <span class='ocrx_word' id='word_1_446' title='bbox 689 3763 721 3822; x_wconf 84' lang='lat' dir='ltr'>vi</span> <span class='ocrx_word' id='word_1_447' title='bbox 747 3781 802 3836; x_wconf 74' lang='lat' dir='ltr'>aut</span> <span class='ocrx_word' id='word_1_448' title='bbox 850 3769 1008 3847; x_wconf 84' lang='lat' dir='ltr'>quisunt</span> <span class='ocrx_word' id='word_1_449' title='bbox 1022 3785 1114 3826; x_wconf 88' lang='lat' dir='ltr'>eausa</span> <span class='ocrx_word' id='word_1_450' title='bbox 1128 3766 1379 3846; x_wconf 80' lang='lat' dir='ltr'>peccatorumin</span> <span class='ocrx_word' id='word_1_451' title='bbox 1394 3765 1625 3843; x_wconf 71' lang='lat' dir='ltr'>spectatoribus</span> 
     </span>
     <span class='ocr_line' id='line_1_37' title="bbox 23 3853 1103 3937; baseline 0 -19"><span class='ocrx_word' id='word_1_452' title='bbox 23 3855 89 3920; x_wconf 93' lang='lat' dir='ltr'>dolo</span> <span class='ocrx_word' id='word_1_453' title='bbox 108 3861 275 3922; x_wconf 89' lang='lat' dir='ltr'>induceret</span> <span class='ocrx_word' id='word_1_454' title='bbox 287 3859 327 3920; x_wconf 87' lang='lat' dir='ltr'>ad</span> <span class='ocrx_word' id='word_1_455' title='bbox 339 3861 503 3937; x_wconf 85' lang='lat' dir='ltr'>peecatum</span> <span class='ocrx_word' id='word_1_456' title='bbox 516 3854 637 3915; x_wconf 86' lang='lat' dir='ltr'>veniale</span> <span class='ocrx_word' id='word_1_457' title='bbox 651 3853 801 3915; x_wconf 89' lang='lat' dir='ltr'>delibera·</span> <span class='ocrx_word' id='word_1_458' title='bbox 850 3859 1103 3920; x_wconf 88' lang='lat' dir='ltr'>atAuditoribus.</span> 
     </span>
     <span class='ocr_line' id='line_1_38' title="bbox 23 3944 1708 4027; baseline -0.011 -3"><span class='ocrx_word' id='word_1_459' title='bbox 23 3955 98 4024; x_wconf 70' lang='lat' dir='ltr'>ium,</span> <span class='ocrx_word' id='word_1_460' title='bbox 124 3971 165 4013; x_wconf 78' lang='lat' dir='ltr'>ex</span> <span class='ocrx_word' id='word_1_461' title='bbox 184 3951 361 4013; x_wconf 78' lang='lat' dir='ltr'>intentione</span> <span class='ocrx_word' id='word_1_462' title='bbox 377 3949 471 4027; x_wconf 89' lang='lat' dir='ltr'>hujus</span> <span class='ocrx_word' id='word_1_463' title='bbox 489 3947 595 4008; x_wconf 90' lang='lat' dir='ltr'>damni</span> <span class='ocrx_word' id='word_1_464' title='bbox 617 3946 798 4026; x_wconf 89' lang='lat' dir='ltr'>spiritualis,</span> <span class='ocrx_word' id='word_1_465' title='bbox 888 3953 918 4012; x_wconf 93' lang='grc'>1.</span> <span class='ocrx_word' id='word_1_466' title='bbox 934 3951 1080 4024; x_wconf 84' lang='lat' dir='ltr'>Quamvis</span> <span class='ocrx_word' id='word_1_467' title='bbox 1091 3949 1237 4010; x_wconf 89' lang='lat' dir='ltr'>nonnulli</span> <span class='ocrx_word' id='word_1_468' title='bbox 1252 3949 1399 4010; x_wconf 81' lang='lat' dir='ltr'>ductores</span> <span class='ocrx_word' id='word_1_469' title='bbox 1413 3949 1623 4012; x_wconf 86' lang='lat' dir='ltr'>eosdemnent</span> <span class='ocrx_word' id='word_1_470' title='bbox 1648 3944 1708 4006; x_wconf 82' lang='grc'>138</span> 
     </span>
     <span class='ocr_line' id='line_1_39' title="bbox 21 4037 1624 4122; baseline 0.001 -20"><span class='ocrx_word' id='word_1_471' title='bbox 21 4049 98 4104; x_wconf 87' lang='lat' dir='ltr'>recta</span> <span class='ocrx_word' id='word_1_472' title='bbox 124 4045 218 4106; x_wconf 87' lang='lat' dir='ltr'>docet</span> <span class='ocrx_word' id='word_1_473' title='bbox 245 4045 327 4122; x_wconf 81' lang='lat' dir='ltr'>Lug.</span> <span class='ocrx_word' id='word_1_474' title='bbox 353 4061 383 4100; x_wconf 82' lang='lat' dir='ltr'>e.</span> <span class='ocrx_word' id='word_1_475' title='bbox 404 4043 455 4102; x_wconf 80' lang='lat' dir='ltr'>ao.</span> <span class='ocrx_word' id='word_1_476' title='bbox 482 4040 547 4100; x_wconf 85' lang='lat' dir='ltr'>lore</span> <span class='ocrx_word' id='word_1_477' title='bbox 563 4037 706 4114; x_wconf 85' lang='lat' dir='ltr'>mortale,</span> <span class='ocrx_word' id='word_1_478' title='bbox 723 4039 798 4117; x_wconf 82' lang='lat' dir='ltr'>quia</span> <span class='ocrx_word' id='word_1_479' title='bbox 847 4043 976 4104; x_wconf 87' lang='lat' dir='ltr'>venialis</span> <span class='ocrx_word' id='word_1_480' title='bbox 985 4047 1108 4104; x_wconf 81' lang='lat' dir='ltr'>tantuna</span> <span class='ocrx_word' id='word_1_481' title='bbox 1122 4043 1175 4122; x_wconf 88' lang='lat' dir='ltr'>qui</span> <span class='ocrx_word' id='word_1_482' title='bbox 1189 4041 1342 4121; x_wconf 86' lang='lat' dir='ltr'>ejusmodi</span> <span class='ocrx_word' id='word_1_483' title='bbox 1352 4040 1509 4102; x_wconf 75' lang='lat' dir='ltr'>comoediis</span> <span class='ocrx_word' id='word_1_484' title='bbox 1529 4042 1624 4104; x_wconf 88' lang='lat' dir='ltr'>intar-</span> 
     </span>
     <span class='ocr_line' id='line_1_40' title="bbox 22 4129 1625 4212; baseline 0.001 -18"><span class='ocrx_word' id='word_1_485' title='bbox 22 4133 138 4197; x_wconf 79' lang='lat' dir='ltr'>reniale</span> <span class='ocrx_word' id='word_1_486' title='bbox 153 4135 363 4197; x_wconf 87' lang='lat' dir='ltr'>deliberatam</span> <span class='ocrx_word' id='word_1_487' title='bbox 378 4137 519 4211; x_wconf 88' lang='lat' dir='ltr'>respectu</span> <span class='ocrx_word' id='word_1_488' title='bbox 529 4129 611 4191; x_wconf 91' lang='lat' dir='ltr'>illius</span> <span class='ocrx_word' id='word_1_489' title='bbox 620 4137 798 4192; x_wconf 83' lang='lat' dir='ltr'>censeretur</span> <span class='ocrx_word' id='word_1_490' title='bbox 847 4141 931 4203; x_wconf 90' lang='lat' dir='ltr'>sunt,</span> <span class='ocrx_word' id='word_1_491' title='bbox 947 4140 1071 4195; x_wconf 87' lang='lat' dir='ltr'>tantum</span> <span class='ocrx_word' id='word_1_492' title='bbox 1083 4141 1258 4212; x_wconf 72' lang='lat' dir='ltr'>quaerentes</span> <span class='ocrx_word' id='word_1_493' title='bbox 1276 4133 1512 4194; x_wconf 85' lang='lat' dir='ltr'>delectationem</span> <span class='ocrx_word' id='word_1_494' title='bbox 1526 4152 1564 4195; x_wconf 85' lang='lat' dir='ltr'>ex</span> <span class='ocrx_word' id='word_1_495' title='bbox 1578 4153 1625 4196; x_wconf 90' lang='lat' dir='ltr'>re-</span> 
     </span>
     <span class='ocr_line' id='line_1_41' title="bbox 20 4223 1625 4307; baseline 0.002 -22"><span class='ocrx_word' id='word_1_496' title='bbox 20 4224 171 4289; x_wconf 89' lang='lat' dir='ltr'>damnum</span> <span class='ocrx_word' id='word_1_497' title='bbox 184 4244 280 4307; x_wconf 82' lang='lat' dir='ltr'>grave</span> <span class='ocrx_word' id='word_1_498' title='bbox 294 4224 465 4305; x_wconf 87' lang='lat' dir='ltr'>spirituale,</span> <span class='ocrx_word' id='word_1_499' title='bbox 478 4241 515 4283; x_wconf 93' lang='lat' dir='ltr'>eo</span> <span class='ocrx_word' id='word_1_500' title='bbox 525 4223 608 4302; x_wconf 89' lang='lat' dir='ltr'>quod</span> <span class='ocrx_word' id='word_1_501' title='bbox 623 4241 688 4282; x_wconf 91' lang='lat' dir='ltr'>non</span> <span class='ocrx_word' id='word_1_502' title='bbox 702 4223 798 4284; x_wconf 88' lang='lat' dir='ltr'>soleat</span> <span class='ocrx_word' id='word_1_503' title='bbox 846 4227 1085 4306; x_wconf 85' lang='lat' dir='ltr'>praesentatione</span> <span class='ocrx_word' id='word_1_504' title='bbox 1099 4233 1131 4287; x_wconf 89' lang='lat' dir='ltr'>et</span> <span class='ocrx_word' id='word_1_505' title='bbox 1149 4226 1243 4286; x_wconf 92' lang='lat' dir='ltr'>modo</span> <span class='ocrx_word' id='word_1_506' title='bbox 1254 4226 1378 4304; x_wconf 84' lang='lat' dir='ltr'>agendi,</span> <span class='ocrx_word' id='word_1_507' title='bbox 1389 4243 1454 4286; x_wconf 90' lang='lat' dir='ltr'>non</span> <span class='ocrx_word' id='word_1_508' title='bbox 1468 4231 1574 4286; x_wconf 88' lang='lat' dir='ltr'>autem</span> <span class='ocrx_word' id='word_1_509' title='bbox 1586 4245 1625 4288; x_wconf 87' lang='lat' dir='ltr'>ex</span> 
     </span>
     <span class='ocr_line' id='line_1_42' title="bbox 20 4314 1626 4398; baseline 0 -18"><span class='ocrx_word' id='word_1_510' title='bbox 20 4317 51 4380; x_wconf 85' lang='lat' dir='ltr'>ia</span> <span class='ocrx_word' id='word_1_511' title='bbox 69 4319 149 4381; x_wconf 91' lang='lat' dir='ltr'>illud</span> <span class='ocrx_word' id='word_1_512' title='bbox 168 4320 249 4395; x_wconf 87' lang='lat' dir='ltr'>labi,</span> <span class='ocrx_word' id='word_1_513' title='bbox 266 4324 297 4379; x_wconf 89' lang='lat' dir='ltr'>et</span> <span class='ocrx_word' id='word_1_514' title='bbox 309 4333 395 4378; x_wconf 89' lang='lat' dir='ltr'>nunc</span> <span class='ocrx_word' id='word_1_515' title='bbox 413 4335 469 4396; x_wconf 88' lang='lat' dir='ltr'>par</span> <span class='ocrx_word' id='word_1_516' title='bbox 494 4314 571 4376; x_wconf 86' lang='lat' dir='ltr'>illud</span> <span class='ocrx_word' id='word_1_517' title='bbox 586 4314 745 4393; x_wconf 88' lang='lat' dir='ltr'>dejiciatur</span> <span class='ocrx_word' id='word_1_518' title='bbox 759 4315 797 4376; x_wconf 90' lang='lat' dir='ltr'>de</span> <span class='ocrx_word' id='word_1_519' title='bbox 846 4337 880 4379; x_wconf 91' lang='lat' dir='ltr'>re</span> <span class='ocrx_word' id='word_1_520' title='bbox 890 4323 1119 4398; x_wconf 80' lang='lat' dir='ltr'>repraesentata,</span> <span class='ocrx_word' id='word_1_521' title='bbox 1130 4323 1237 4378; x_wconf 90' lang='lat' dir='ltr'>tamen</span> <span class='ocrx_word' id='word_1_522' title='bbox 1250 4318 1325 4397; x_wconf 89' lang='lat' dir='ltr'>quia</span> <span class='ocrx_word' id='word_1_523' title='bbox 1333 4317 1386 4378; x_wconf 84' lang='lat' dir='ltr'>vix</span> <span class='ocrx_word' id='word_1_524' title='bbox 1394 4316 1561 4378; x_wconf 87' lang='lat' dir='ltr'>habebitur</span> <span class='ocrx_word' id='word_1_525' title='bbox 1574 4319 1626 4380; x_wconf 91' lang='lat' dir='ltr'>de-</span> 
     </span>
     <span class='ocr_line' id='line_1_43' title="bbox 18 4405 1625 4491; baseline 0.001 -19"><span class='ocrx_word' id='word_1_526' title='bbox 18 4412 183 4474; x_wconf 81' lang='lat' dir='ltr'>exccllenti</span> <span class='ocrx_word' id='word_1_527' title='bbox 198 4411 298 4490; x_wconf 75' lang='lat' dir='ltr'>gradu</span> <span class='ocrx_word' id='word_1_528' title='bbox 307 4408 516 4489; x_wconf 83' lang='lat' dir='ltr'>perfectionis,</span> <span class='ocrx_word' id='word_1_529' title='bbox 526 4408 560 4468; x_wconf 92' lang='lat' dir='ltr'>in</span> <span class='ocrx_word' id='word_1_530' title='bbox 574 4424 636 4487; x_wconf 90' lang='lat' dir='ltr'>quo</span> <span class='ocrx_word' id='word_1_531' title='bbox 649 4405 798 4470; x_wconf 83' lang='lat' dir='ltr'>eratNee</span> <span class='ocrx_word' id='word_1_532' title='bbox 846 4410 970 4471; x_wconf 89' lang='lat' dir='ltr'>lectatio</span> <span class='ocrx_word' id='word_1_533' title='bbox 989 4427 1035 4471; x_wconf 30' lang='lat' dir='ltr'>exc</span> <span class='ocrx_word' id='word_1_534' title='bbox 1054 4411 1336 4491; x_wconf 78' lang='lat' dir='ltr'>representatione,</span> <span class='ocrx_word' id='word_1_535' title='bbox 1357 4410 1435 4488; x_wconf 90' lang='lat' dir='ltr'>quin</span> <span class='ocrx_word' id='word_1_536' title='bbox 1459 4427 1491 4470; x_wconf 87' lang='lat' dir='ltr'>se</span> <span class='ocrx_word' id='word_1_537' title='bbox 1504 4411 1625 4490; x_wconf 80' lang='lat' dir='ltr'>ingerat</span> 
     </span>
     <span class='ocr_line' id='line_1_44' title="bbox 18 4501 1622 4584; baseline 0.002 -22"><span class='ocrx_word' id='word_1_538' title='bbox 18 4501 122 4581; x_wconf 81' lang='lat' dir='ltr'>obstat,</span> <span class='ocrx_word' id='word_1_539' title='bbox 143 4504 234 4584; x_wconf 90' lang='lat' dir='ltr'>quod</span> <span class='ocrx_word' id='word_1_540' title='bbox 252 4503 348 4563; x_wconf 91' lang='lat' dir='ltr'>bomo</span> <span class='ocrx_word' id='word_1_541' title='bbox 367 4507 654 4580; x_wconf 85' lang='lat' dir='ltr'>quantumcumque</span> <span class='ocrx_word' id='word_1_542' title='bbox 675 4504 797 4562; x_wconf 87' lang='lat' dir='ltr'>sanctus</span> <span class='ocrx_word' id='word_1_543' title='bbox 846 4503 1007 4564; x_wconf 88' lang='lat' dir='ltr'>delectatio</span> <span class='ocrx_word' id='word_1_544' title='bbox 1031 4521 1069 4563; x_wconf 84' lang='lat' dir='ltr'>ex</span> <span class='ocrx_word' id='word_1_545' title='bbox 1100 4521 1146 4576; x_wconf 88' lang='lat' dir='ltr'>re,</span> <span class='ocrx_word' id='word_1_546' title='bbox 1176 4501 1340 4562; x_wconf 85' lang='lat' dir='ltr'>dicendum</span> <span class='ocrx_word' id='word_1_547' title='bbox 1358 4507 1404 4562; x_wconf 90' lang='lat' dir='ltr'>est</span> <span class='ocrx_word' id='word_1_548' title='bbox 1424 4519 1477 4562; x_wconf 89' lang='lat' dir='ltr'>eos</span> <span class='ocrx_word' id='word_1_549' title='bbox 1496 4521 1622 4583; x_wconf 90' lang='lat' dir='ltr'>peceare</span> 
     </span>
     <span class='ocr_line' id='line_1_45' title="bbox 17 4591 1622 4674; baseline -0.001 -16"><span class='ocrx_word' id='word_1_550' title='bbox 17 4602 119 4674; x_wconf 81' lang='lat' dir='ltr'>peccet</span> <span class='ocrx_word' id='word_1_551' title='bbox 132 4602 263 4658; x_wconf 86' lang='lat' dir='ltr'>tantum</span> <span class='ocrx_word' id='word_1_552' title='bbox 277 4594 450 4671; x_wconf 87' lang='lat' dir='ltr'>venialiter,</span> <span class='ocrx_word' id='word_1_553' title='bbox 467 4593 492 4653; x_wconf 91' lang='lat' dir='ltr'>si</span> <span class='ocrx_word' id='word_1_554' title='bbox 504 4592 578 4654; x_wconf 85' lang='lat' dir='ltr'>velit</span> <span class='ocrx_word' id='word_1_555' title='bbox 587 4591 645 4652; x_wconf 90' lang='lat' dir='ltr'>sibi</span> <span class='ocrx_word' id='word_1_556' title='bbox 656 4591 794 4653; x_wconf 87' lang='lat' dir='ltr'>veniale:</span> <span class='ocrx_word' id='word_1_557' title='bbox 845 4594 1029 4663; x_wconf 85' lang='lat' dir='ltr'>mortaliter,</span> <span class='ocrx_word' id='word_1_558' title='bbox 1045 4595 1119 4673; x_wconf 86' lang='lat' dir='ltr'>quia</span> <span class='ocrx_word' id='word_1_559' title='bbox 1142 4594 1235 4655; x_wconf 88' lang='lat' dir='ltr'>etiam</span> <span class='ocrx_word' id='word_1_560' title='bbox 1249 4611 1281 4654; x_wconf 92' lang='lat' dir='ltr'>sa</span> <span class='ocrx_word' id='word_1_561' title='bbox 1295 4599 1456 4673; x_wconf 89' lang='lat' dir='ltr'>exponunt</span> <span class='ocrx_word' id='word_1_562' title='bbox 1468 4594 1622 4673; x_wconf 86' lang='lat' dir='ltr'>probabili</span> 
     </span>
     <span class='ocr_line' id='line_1_46' title="bbox 16 4683 1622 4766; baseline -0.001 -18"><span class='ocrx_word' id='word_1_563' title='bbox 16 4703 89 4766; x_wconf 78' lang='lat' dir='ltr'>ergo</span> <span class='ocrx_word' id='word_1_564' title='bbox 111 4690 213 4750; x_wconf 87' lang='lat' dir='ltr'>etiam</span> <span class='ocrx_word' id='word_1_565' title='bbox 230 4692 354 4747; x_wconf 82' lang='lat' dir='ltr'>tontrun</span> <span class='ocrx_word' id='word_1_566' title='bbox 377 4685 539 4746; x_wconf 88' lang='lat' dir='ltr'>venialiter</span> <span class='ocrx_word' id='word_1_567' title='bbox 564 4683 713 4763; x_wconf 84' lang='lat' dir='ltr'>peccabit,</span> <span class='ocrx_word' id='word_1_568' title='bbox 742 4685 796 4763; x_wconf 90' lang='lat' dir='ltr'>qui</span> <span class='ocrx_word' id='word_1_569' title='bbox 845 4686 983 4763; x_wconf 87' lang='lat' dir='ltr'>periculo</span> <span class='ocrx_word' id='word_1_570' title='bbox 1006 4686 1154 4766; x_wconf 88' lang='lat' dir='ltr'>peccandi</span> <span class='ocrx_word' id='word_1_571' title='bbox 1172 4685 1355 4746; x_wconf 87' lang='lat' dir='ltr'>mortaliter.</span> <span class='ocrx_word' id='word_1_572' title='bbox 1383 4685 1461 4748; x_wconf 91' lang='lat' dir='ltr'>ltem</span> <span class='ocrx_word' id='word_1_573' title='bbox 1480 4693 1622 4748; x_wconf 88' lang='lat' dir='ltr'>censetur</span> 
     </span>
     <span class='ocr_line' id='line_1_47' title="bbox 14 4777 1620 4866; baseline 0 -26"><span class='ocrx_word' id='word_1_574' title='bbox 14 4798 86 4841; x_wconf 90' lang='lat' dir='ltr'>eum</span> <span class='ocrx_word' id='word_1_575' title='bbox 106 4780 233 4842; x_wconf 84' lang='lat' dir='ltr'>inducit</span> <span class='ocrx_word' id='word_1_576' title='bbox 246 4779 286 4840; x_wconf 89' lang='lat' dir='ltr'>ad</span> <span class='ocrx_word' id='word_1_577' title='bbox 303 4778 434 4839; x_wconf 87' lang='lat' dir='ltr'>veniale.</span> <span class='ocrx_word' id='word_1_578' title='bbox 457 4778 548 4856; x_wconf 87' lang='lat' dir='ltr'>Rasp.</span> <span class='ocrx_word' id='word_1_579' title='bbox 568 4795 640 4855; x_wconf 84' lang='lat' dir='ltr'>neg.</span> <span class='ocrx_word' id='word_1_580' title='bbox 665 4793 748 4836; x_wconf 85' lang='lat' dir='ltr'>oona.</span> <span class='ocrx_word' id='word_1_581' title='bbox 772 4778 797 4837; x_wconf 88' lang='lat' dir='ltr'>si</span> <span class='ocrx_word' id='word_1_582' title='bbox 846 4777 1149 4866; x_wconf 81' lang='lat' dir='ltr'>velleinoboatamin</span> <span class='ocrx_word' id='word_1_583' title='bbox 1161 4797 1193 4840; x_wconf 88' lang='lat' dir='ltr'>se</span> <span class='ocrx_word' id='word_1_584' title='bbox 1203 4779 1421 4857; x_wconf 91' lang='lat' dir='ltr'>pollutionem:</span> <span class='ocrx_word' id='word_1_585' title='bbox 1437 4783 1467 4839; x_wconf 93' lang='lat' dir='ltr'>et</span> <span class='ocrx_word' id='word_1_586' title='bbox 1474 4784 1620 4857; x_wconf 78' lang='lat' dir='ltr'>praeterea</span> 
     </span>
     <span class='ocr_line' id='line_1_48' title="bbox 15 4868 1434 4952; baseline -0.001 -21"><span class='ocrx_word' id='word_1_587' title='bbox 15 4871 109 4934; x_wconf 90' lang='lat' dir='ltr'>homo</span> <span class='ocrx_word' id='word_1_588' title='bbox 139 4877 261 4952; x_wconf 89' lang='lat' dir='ltr'>peccet,</span> <span class='ocrx_word' id='word_1_589' title='bbox 286 4875 395 4950; x_wconf 87' lang='lat' dir='ltr'>peceat</span> <span class='ocrx_word' id='word_1_590' title='bbox 420 4869 538 4946; x_wconf 81' lang='lat' dir='ltr'>volens,</span> <span class='ocrx_word' id='word_1_591' title='bbox 561 4872 704 4928; x_wconf 86' lang='lat' dir='ltr'>econtra</span> <span class='ocrx_word' id='word_1_592' title='bbox 728 4868 798 4929; x_wconf 90' lang='lat' dir='ltr'>talis</span> <span class='ocrx_word' id='word_1_593' title='bbox 847 4874 1187 4951; x_wconf 84' lang='lat' dir='ltr'>cooperanturpeceato</span> <span class='ocrx_word' id='word_1_594' title='bbox 1203 4870 1434 4930; x_wconf 85' lang='lat' dir='ltr'>Comoedorum.</span> 
     </span>
     <span class='ocr_line' id='line_1_49' title="bbox 13 4957 1704 5043; baseline -0.005 -17"><span class='ocrx_word' id='word_1_595' title='bbox 13 4959 108 5027; x_wconf 88' lang='lat' dir='ltr'>homo</span> <span class='ocrx_word' id='word_1_596' title='bbox 123 4969 175 5027; x_wconf 88' lang='lat' dir='ltr'>est</span> <span class='ocrx_word' id='word_1_597' title='bbox 187 4961 323 5043; x_wconf 76' lang='lat' dir='ltr'>graviter</span> <span class='ocrx_word' id='word_1_598' title='bbox 336 4961 451 5023; x_wconf 90' lang='lat' dir='ltr'>invitus</span> <span class='ocrx_word' id='word_1_599' title='bbox 461 4959 500 5022; x_wconf 87' lang='lat' dir='ltr'>ad</span> <span class='ocrx_word' id='word_1_600' title='bbox 509 4960 660 5039; x_wconf 87' lang='lat' dir='ltr'>ejusmodi</span> <span class='ocrx_word' id='word_1_601' title='bbox 672 4960 737 5019; x_wconf 86' lang='lat' dir='ltr'>vim</span> <span class='ocrx_word' id='word_1_602' title='bbox 748 4957 798 5020; x_wconf 82' lang='lat' dir='ltr'>vel</span> <span class='ocrx_word' id='word_1_603' title='bbox 886 4963 914 5023; x_wconf 87' lang='lat'>3.</span> <span class='ocrx_word' id='word_1_604' title='bbox 934 4959 1067 5022; x_wconf 88' lang='lat' dir='ltr'>Peccant</span> <span class='ocrx_word' id='word_1_605' title='bbox 1090 4957 1274 5039; x_wconf 83' lang='lat' dir='ltr'>mortaliter,</span> <span class='ocrx_word' id='word_1_606' title='bbox 1294 4980 1360 5023; x_wconf 93' lang='lat' dir='ltr'>non</span> <span class='ocrx_word' id='word_1_607' title='bbox 1380 4967 1504 5022; x_wconf 90' lang='lat' dir='ltr'>tantum</span> <span class='ocrx_word' id='word_1_608' title='bbox 1526 4963 1620 5042; x_wconf 89' lang='lat' dir='ltr'>primi</span> <span class='ocrx_word' id='word_1_609' title='bbox 1644 4958 1704 5018; x_wconf 81' lang='lat'>239</span> 
     </span>
     <span class='ocr_line' id='line_1_50' title="bbox 13 5047 1620 5135; baseline -0.002 -17"><span class='ocrx_word' id='word_1_610' title='bbox 13 5057 123 5120; x_wconf 89' lang='lat' dir='ltr'>dolum</span> <span class='ocrx_word' id='word_1_611' title='bbox 141 5078 149 5119; x_wconf 91' lang='lat'>:</span> <span class='ocrx_word' id='word_1_612' title='bbox 170 5057 262 5117; x_wconf 65' lang='lat' dir='ltr'>monti</span> <span class='ocrx_word' id='word_1_613' title='bbox 282 5059 383 5135; x_wconf 89' lang='lat' dir='ltr'>potest</span> <span class='ocrx_word' id='word_1_614' title='bbox 403 5053 472 5133; x_wconf 88' lang='lat' dir='ltr'>qais</span> <span class='ocrx_word' id='word_1_615' title='bbox 494 5053 561 5114; x_wconf 89' lang='lat' dir='ltr'>sine</span> <span class='ocrx_word' id='word_1_616' title='bbox 583 5047 707 5112; x_wconf 87' lang='lat' dir='ltr'>mortali</span> <span class='ocrx_word' id='word_1_617' title='bbox 727 5069 798 5112; x_wconf 76' lang='lat' dir='ltr'>siros</span> <span class='ocrx_word' id='word_1_618' title='bbox 848 5051 1043 5132; x_wconf 79' lang='lat' dir='ltr'>Spectatores</span> <span class='ocrx_word' id='word_1_619' title='bbox 1070 5055 1120 5114; x_wconf 85' lang='lat' dir='ltr'>vel</span> <span class='ocrx_word' id='word_1_620' title='bbox 1143 5055 1325 5130; x_wconf 74' lang='lat' dir='ltr'>auditores,</span> <span class='ocrx_word' id='word_1_621' title='bbox 1350 5053 1405 5131; x_wconf 89' lang='lat' dir='ltr'>qui</span> <span class='ocrx_word' id='word_1_622' title='bbox 1428 5059 1501 5114; x_wconf 89' lang='lat' dir='ltr'>sunt</span> <span class='ocrx_word' id='word_1_623' title='bbox 1526 5071 1620 5115; x_wconf 89' lang='lat' dir='ltr'>causa</span> 
     </span>
     <span class='ocr_line' id='line_1_51' title="bbox 13 5141 1619 5230; baseline -0.003 -19"><span class='ocrx_word' id='word_1_624' title='bbox 13 5151 167 5230; x_wconf 59' lang='lat' dir='ltr'>munias</span> <span class='ocrx_word' id='word_1_625' title='bbox 181 5148 332 5228; x_wconf 86' lang='lat' dir='ltr'>projicere</span> <span class='ocrx_word' id='word_1_626' title='bbox 341 5147 375 5207; x_wconf 91' lang='lat' dir='ltr'>in</span> <span class='ocrx_word' id='word_1_627' title='bbox 388 5145 517 5221; x_wconf 83' lang='lat' dir='ltr'>flumen,</span> <span class='ocrx_word' id='word_1_628' title='bbox 538 5149 584 5205; x_wconf 87' lang='lat' dir='ltr'>est</span> <span class='ocrx_word' id='word_1_629' title='bbox 609 5149 715 5204; x_wconf 83' lang='lat' dir='ltr'>tamen</span> <span class='ocrx_word' id='word_1_630' title='bbox 726 5161 797 5222; x_wconf 75' lang='lat' dir='ltr'>gra-</span> <span class='ocrx_word' id='word_1_631' title='bbox 847 5143 1093 5222; x_wconf 89' lang='lat' dir='ltr'>determinativa,</span> <span class='ocrx_word' id='word_1_632' title='bbox 1108 5153 1143 5206; x_wconf 92' lang='lat' dir='ltr'>ut</span> <span class='ocrx_word' id='word_1_633' title='bbox 1156 5141 1267 5225; x_wconf 75' lang='lat' dir='ltr'>agatur</span> <span class='ocrx_word' id='word_1_634' title='bbox 1281 5145 1441 5220; x_wconf 82' lang='lat' dir='ltr'>oomoedia,</span> <span class='ocrx_word' id='word_1_635' title='bbox 1457 5146 1619 5206; x_wconf 90' lang='lat' dir='ltr'>sedetiam</span> 
     </span>
     <span class='ocr_line' id='line_1_52' title="bbox 13 5235 1619 5318; baseline -0.004 -14"><span class='ocrx_word' id='word_1_636' title='bbox 13 5244 92 5304; x_wconf 86' lang='lat' dir='ltr'>viter</span> <span class='ocrx_word' id='word_1_637' title='bbox 116 5241 251 5316; x_wconf 87' lang='lat' dir='ltr'>invitus,</span> <span class='ocrx_word' id='word_1_638' title='bbox 277 5255 309 5300; x_wconf 86' lang='lat' dir='ltr'>se</span> <span class='ocrx_word' id='word_1_639' title='bbox 327 5239 369 5313; x_wconf 87' lang='lat' dir='ltr'>vi,</span> <span class='ocrx_word' id='word_1_640' title='bbox 390 5244 444 5300; x_wconf 89' lang='lat' dir='ltr'>aot</span> <span class='ocrx_word' id='word_1_641' title='bbox 457 5237 528 5298; x_wconf 92' lang='lat' dir='ltr'>dolo</span> <span class='ocrx_word' id='word_1_642' title='bbox 541 5238 581 5298; x_wconf 89' lang='lat' dir='ltr'>ad</span> <span class='ocrx_word' id='word_1_643' title='bbox 601 5237 660 5297; x_wconf 91' lang='lat' dir='ltr'>boc</span> <span class='ocrx_word' id='word_1_644' title='bbox 674 5235 795 5296; x_wconf 86' lang='lat' dir='ltr'>adduct.</span> <span class='ocrx_word' id='word_1_645' title='bbox 847 5236 911 5312; x_wconf 88' lang='lat' dir='ltr'>alii,</span> <span class='ocrx_word' id='word_1_646' title='bbox 935 5237 988 5316; x_wconf 89' lang='lat' dir='ltr'>qui</span> <span class='ocrx_word' id='word_1_647' title='bbox 1004 5239 1237 5318; x_wconf 84' lang='lat' dir='ltr'>superveniunt,</span> <span class='ocrx_word' id='word_1_648' title='bbox 1254 5242 1286 5298; x_wconf 91' lang='lat' dir='ltr'>et</span> <span class='ocrx_word' id='word_1_649' title='bbox 1307 5237 1373 5296; x_wconf 88' lang='lat' dir='ltr'>sine</span> <span class='ocrx_word' id='word_1_650' title='bbox 1392 5236 1505 5315; x_wconf 81' lang='lat' dir='ltr'>quibus</span> <span class='ocrx_word' id='word_1_651' title='bbox 1519 5237 1619 5298; x_wconf 90' lang='lat' dir='ltr'>adhuc</span> 
     </span>
     <span class='ocr_line' id='line_1_53' title="bbox 13 5325 1617 5406; baseline -0.006 -7"><span class='ocrx_word' id='word_1_652' title='bbox 13 5331 189 5400; x_wconf 81' lang='lat' dir='ltr'>Occasione</span> <span class='ocrx_word' id='word_1_653' title='bbox 200 5331 387 5393; x_wconf 86' lang='lat' dir='ltr'>inductionis</span> <span class='ocrx_word' id='word_1_654' title='bbox 403 5329 443 5391; x_wconf 89' lang='lat' dir='ltr'>ad</span> <span class='ocrx_word' id='word_1_655' title='bbox 458 5327 577 5390; x_wconf 73' lang='lat' dir='ltr'>venida</span> <span class='ocrx_word' id='word_1_656' title='bbox 590 5328 658 5389; x_wconf 70' lang='lat' dir='ltr'>baec</span> <span class='ocrx_word' id='word_1_657' title='bbox 677 5326 799 5406; x_wconf 90' lang='lat' dir='ltr'>subjicit</span> <span class='ocrx_word' id='word_1_658' title='bbox 847 5334 1001 5406; x_wconf 84' lang='lat' dir='ltr'>ageretur,</span> <span class='ocrx_word' id='word_1_659' title='bbox 1027 5329 1074 5390; x_wconf 90' lang='lat' dir='ltr'>nti</span> <span class='ocrx_word' id='word_1_660' title='bbox 1089 5335 1198 5391; x_wconf 74' lang='lat' dir='ltr'>conae</span> <span class='ocrx_word' id='word_1_661' title='bbox 1225 5325 1340 5389; x_wconf 88' lang='lat' dir='ltr'>Baldel.</span> <span class='ocrx_word' id='word_1_662' title='bbox 1356 5329 1447 5390; x_wconf 87' lang='lat' dir='ltr'>Turr.</span> <span class='ocrx_word' id='word_1_663' title='bbox 1475 5327 1617 5390; x_wconf 86' lang='lat' dir='ltr'>Ferrant.</span> 
     </span>
     <span class='ocr_line' id='line_1_54' title="bbox 13 5419 1621 5507; baseline -0.004 -17"><span class='ocrx_word' id='word_1_664' title='bbox 13 5427 100 5507; x_wconf 78' lang='lat' dir='ltr'>Lnga</span> <span class='ocrx_word' id='word_1_665' title='bbox 120 5449 128 5489; x_wconf 78' lang='lat' dir='ltr'><em>z</em></span> <span class='ocrx_word' id='word_1_666' title='bbox 148 5423 283 5488; x_wconf 84' lang='lat' dir='ltr'>Coeeoot</span> <span class='ocrx_word' id='word_1_667' title='bbox 296 5442 379 5504; x_wconf 77' lang='lat' dir='ltr'>erpo,</span> <span class='ocrx_word' id='word_1_668' title='bbox 392 5421 446 5504; x_wconf 81' lang='lat' dir='ltr'>qui</span> <span class='ocrx_word' id='word_1_669' title='bbox 449 5419 572 5503; x_wconf 79' lang='lat' dir='ltr'>jaceres</span> <span class='ocrx_word' id='word_1_670' title='bbox 581 5437 672 5502; x_wconf 78' lang='lat' dir='ltr'>porca</span> <span class='ocrx_word' id='word_1_671' title='bbox 685 5428 713 5480; x_wconf 86' lang='lat' dir='ltr'>et</span> <span class='ocrx_word' id='word_1_672' title='bbox 726 5419 799 5479; x_wconf 80' lang='lat' dir='ltr'>iate·</span> <span class='ocrx_word' id='word_1_673' title='bbox 847 5419 951 5496; x_wconf 89' lang='lat' dir='ltr'>Bardi,</span> <span class='ocrx_word' id='word_1_674' title='bbox 968 5425 999 5482; x_wconf 90' lang='lat' dir='ltr'>et</span> <span class='ocrx_word' id='word_1_675' title='bbox 1012 5419 1114 5483; x_wconf 88' lang='lat' dir='ltr'>Vidal.</span> <span class='ocrx_word' id='word_1_676' title='bbox 1131 5422 1243 5483; x_wconf 88' lang='lat' dir='ltr'>docent</span> <span class='ocrx_word' id='word_1_677' title='bbox 1266 5419 1330 5482; x_wconf 88' lang='lat' dir='ltr'>alii.</span> <span class='ocrx_word' id='word_1_678' title='bbox 1355 5419 1448 5482; x_wconf 84' lang='lat' dir='ltr'>Ratio</span> <span class='ocrx_word' id='word_1_679' title='bbox 1473 5425 1528 5499; x_wconf 87' lang='lat' dir='ltr'>est,</span> <span class='ocrx_word' id='word_1_680' title='bbox 1547 5423 1621 5502; x_wconf 89' lang='lat' dir='ltr'>quia</span> 
     </span>
     <span class='ocr_line' id='line_1_55' title="bbox 13 5511 1620 5600; baseline -0.002 -20"><span class='ocrx_word' id='word_1_681' title='bbox 13 5539 79 5600; x_wconf 75' lang='lat' dir='ltr'>prce</span> <span class='ocrx_word' id='word_1_682' title='bbox 93 5519 174 5582; x_wconf 71' lang='lat' dir='ltr'>vitae</span> <span class='ocrx_word' id='word_1_683' title='bbox 192 5513 315 5576; x_wconf 76' lang='lat' dir='ltr'>trahent</span> <span class='ocrx_word' id='word_1_684' title='bbox 329 5513 426 5576; x_wconf 81' lang='lat' dir='ltr'>dolose</span> <span class='ocrx_word' id='word_1_685' title='bbox 438 5512 478 5574; x_wconf 85' lang='lat' dir='ltr'>od</span> <span class='ocrx_word' id='word_1_686' title='bbox 496 5512 646 5594; x_wconf 82' lang='lat' dir='ltr'>colloquio</span> <span class='ocrx_word' id='word_1_687' title='bbox 669 5529 754 5586; x_wconf 84' lang='lat' dir='ltr'>vona,</span> <span class='ocrx_word' id='word_1_688' title='bbox 769 5517 798 5570; x_wconf 88' lang='lat' dir='ltr'>et</span> <span class='ocrx_word' id='word_1_689' title='bbox 846 5511 918 5572; x_wconf 65' lang='lat' dir='ltr'>liceat</span> <span class='ocrx_word' id='word_1_690' title='bbox 931 5513 1042 5574; x_wconf 83' lang='lat' dir='ltr'>demus</span> <span class='ocrx_word' id='word_1_691' title='bbox 1066 5533 1132 5574; x_wconf 91' lang='lat' dir='ltr'>non</span> <span class='ocrx_word' id='word_1_692' title='bbox 1155 5531 1221 5576; x_wconf 86' lang='lat' dir='ltr'>ease</span> <span class='ocrx_word' id='word_1_693' title='bbox 1235 5519 1446 5593; x_wconf 87' lang='lat' dir='ltr'>cooperantes,</span> <span class='ocrx_word' id='word_1_694' title='bbox 1476 5531 1513 5574; x_wconf 93' lang='lat' dir='ltr'>eo</span> <span class='ocrx_word' id='word_1_695' title='bbox 1536 5516 1620 5592; x_wconf 90' lang='lat' dir='ltr'>quod</span> 
     </span>
     <span class='ocr_line' id='line_1_56' title="bbox 13 5601 1619 5692; baseline -0.001 -22"><span class='ocrx_word' id='word_1_696' title='bbox 13 5612 155 5692; x_wconf 79' lang='lat' dir='ltr'>impare,</span> <span class='ocrx_word' id='word_1_697' title='bbox 172 5626 243 5689; x_wconf 81' lang='lat' dir='ltr'>qooe</span> <span class='ocrx_word' id='word_1_698' title='bbox 254 5605 491 5686; x_wconf 83' lang='lat' dir='ltr'>lieetoliqnoodo</span> <span class='ocrx_word' id='word_1_699' title='bbox 505 5605 588 5667; x_wconf 82' lang='lat' dir='ltr'>reolo</span> <span class='ocrx_word' id='word_1_700' title='bbox 601 5605 661 5665; x_wconf 80' lang='lat' dir='ltr'>aiot</span> <span class='ocrx_word' id='word_1_701' title='bbox 675 5601 799 5663; x_wconf 70' lang='lat' dir='ltr'>amiota·</span> <span class='ocrx_word' id='word_1_702' title='bbox 846 5603 983 5665; x_wconf 80' lang='lat' dir='ltr'>cincillls</span> <span class='ocrx_word' id='word_1_703' title='bbox 997 5605 1099 5666; x_wconf 88' lang='lat' dir='ltr'>adbuc</span> <span class='ocrx_word' id='word_1_704' title='bbox 1122 5611 1292 5686; x_wconf 86' lang='lat' dir='ltr'>poneretur</span> <span class='ocrx_word' id='word_1_705' title='bbox 1312 5607 1403 5683; x_wconf 88' lang='lat' dir='ltr'>actio,</span> <span class='ocrx_word' id='word_1_706' title='bbox 1418 5615 1523 5667; x_wconf 70' lang='lat' dir='ltr'>amen</span> <span class='ocrx_word' id='word_1_707' title='bbox 1546 5611 1619 5668; x_wconf 89' lang='lat' dir='ltr'>sunt</span> 
     </span>
    </p>
   </div>
   <div class='ocr_carea' id='block_1_3' title="bbox 0 0 1978 6344">
    <p class='ocr_par' dir='ltr' id='par_1_3' title="bbox 0 0 1978 6344">
     <span class='ocr_line' id='line_1_57' title="bbox 0 0 1978 6344; baseline 0 5"><span class='ocrx_word' id='word_1_708' title='bbox 0 0 1978 6344; x_wconf 95' lang='lat' dir='ltr'> </span> 
     </span>
    </p>
   </div>
  </div>
 </body>
</html>
