3938 6338
378 352 437 412 258
916 349 949 408 P.
974 345 1167 408 STEPHANI
1189 345 1239 406 DE
1259 347 1418 409 celotes

342 515 513 578 ·rationes
533 513 633 574 obiter
655 513 810 598 proponit,
833 518 864 574 et
883 513 1036 589 conmaria
1056 531 1146 592 argu·
1196 510 1337 588 lectionis,
1363 519 1399 574 ut
1422 514 1569 576 admonet
1595 515 1734 577 Valerius
1757 517 1902 603 indeuia
1958 557 1959 596 ι

376 613 483 669 menta
500 606 648 668 dissolvit.
1195 603 1323 665 floribus
1333 605 1509 686 Tlreclogiae
1524 608 1900 688 practirortituloconsa'eutia
1958 599 1960 738 Ι

417 701 503 762 Idem
525 699 633 761 asserii
654 698 836 760 Laurentius
849 698 953 760 Portel
966 699 1142 774 Lusitanus,
1195 693 1336 754 editionis
1350 697 1501 772 Duecenae
1519 697 1593 758 anni
1608 697 1720 758 1637st
1743 717 1801 779 pag.
1817 705 1902 764 lidi:
1958 739 1960 776 ι

376 811 471 874 quem
494 798 524 854 et
546 797 686 853 auctores
706 790 834 870 plurimi
855 791 1024 853 honorifice
1038 792 1142 873 appel·
1197 830 1219 862 ‚,
1249 785 1455 848 Goldesssrius
1482 789 1698 869 interrogatus,
1726 791 1770 852 vel
1786 793 1845 856 alius
1858 798 1903 876 qui·

375 885 451 960 lant,
473 889 504 946 et
521 883 710 945 Bibliotheca
732 883 848 944 ordinis
869 884 1026 946 Minorum
1046 885 1144 947 uirum
1195 895 1327 957 enmono
1349 879 1383 939 in
1404 881 1539 942 consiliis
1561 881 1680 959 dandis
1704 889 1735 944 et
1750 888 1906 964 responsioni-

373 977 470 1060 pium,
486 997 521 1038 ac
532 976 708 1059 prudenter
731 985 823 1038 uocat.
840 977 889 1038 Sic
903 978 988 1038 enirn
1002 979 1097 1040 babet
1110 980 1143 1040 in
1194 968 1262 1047 bns,
1283 973 1482 1051 polentinxis
1495 973 1689 1053 probabilem
1702 975 1851 1056 aliquorum
1858 982 1906 1040 633

375 1070 477 1131 dubiis
488 1068 693 1150 regularibus,
704 1068 1044 1151 verboopr'aioeiipeada
1054 1090 1142 1134 num.
1193 1067 1298 1124 iorum
1323 1064 1502 1143 Opinionem
1533 1068 1729 1148 respondere,
1755 1073 1908 1148 pretermisi

374 1166 404 1224 3.
420 1163 493 1224 edit.
509 1163 627 1224 ultimae
638 1161 747 1240 iLugd.
765 1163 840 1222 anni
855 1164 942 1223 1610.
961 1161 970 1196 ¹
986 1183 1056 1243 pag.
1072 1167 1140 1227 669,
1193 1156 1410 1236 probabiliore,
1425 1159 1476 1220 vel
1488 1160 1615 1222 tutiore.

376 1298 398 1330 „
414 1252 547 1313 Licitum
567 1258 613 1313 est
643 1251 739 1330 sequi,
765 1257 796 1312 et
818 1252 940 1331 operari
973 1254 1143 1315 seeundum
1235 1249 1320 1309 idem
1334 1251 1426 1311 sentit
1441 1251 1603 1314 Francisus
1617 1255 1743 1332 Longus
1755 1273 1771 1314 3
1783 1255 1909 1330 tomiano,

373 1345 552 1424 opinionem
574 1343 678 1404 minus
691 1349 802 1420 tutam,
819 1344 872 1404 sed
895 1344 1097 1424 probabilem,
1114 1353 1145 1407 ei
1193 1340 1240 1400 vir
1257 1337 1302 1422 (ut
1315 1341 1527 1423 aitVedingus
1537 1345 1763 1408 inBibliotheca
1769 1347 1867 1409 Ordinis
1873 1347 1909 1408 lli·

373 1455 468 1516 quam
484 1443 561 1516 puto
574 1435 779 1516 probabilem,
796 1435 867 1496 licet
880 1438 1004 1499 credam
1022 1440 1144 1518 opponi·
1193 1433 1317 1513 norum)
1331 1451 1414 1516 aeque
1426 1434 1536 1510 doctm,
1549 1456 1584 1498 ac
1601 1437 1763 1518 relipioeae.
1777 1440 1809 1499 ln
1820 1444 1912 1500 iudan

371 1533 436 1592 tam
450 1547 515 1592 esse
525 1529 684 1606 tutiorem,
700 1533 731 1590 et
739 1526 977 1608 probabiliorem
989 1575 1030 1608 „.
1046 1533 1144 1605 Quam
1193 1523 1231 1584 de
1245 1521 1370 1584 (insibus
1387 1525 1549 1586 reservatis
1570 1532 1650 1605 port·
1670 1529 1698 1588 1.
1715 1534 1782 1590 sest.
1796 1529 1822 1588 i.
1837 1528 1910 1588 3111.
1958 1521 1960 1580 i

371 1621 405 1682 in
428 1621 615 1684 sententiam
637 1627 669 1683 et
696 1625 836 1682 auctores
861 1622 977 1683 multos
1004 1623 1087 1696 citat,
1113 1630 1145 1685 et
1192 1633 1280 1676 num.
1296 1619 1325 1676 i·
1341 1616 1384 1677 1111
1397 1617 1554 1697 loquitur:
1574 1664 1596 1695 ι,
1612 1619 1912 1696 Resoiniorieiioinn,
1958 1617 1959 1626 ¹

371 1719 506 1795 quatuor
518 1717 702 1794 argumenta
711 1713 863 1793 producit.
1192 1706 1418 1793 confessarium
1438 1727 1666 1792 quemcumque
1692 1713 1835 1774 absolvere
1854 1728 1913 1792 posse

411 1807 521 1869 Fusius
542 1806 623 1868 banc
645 1806 850 1887 quaestionem
875 1811 984 1868 tractat
1005 1809 1141 1871 loannes
1191 1793 1393 1880 poenitentem
1415 1809 1596 1882 sequentem
1618 1805 1793 1885 opinionem
1809 1804 1914 1885 probabi·

371 1899 498 1961 Pontius
514 1899 611 1979 (cujus
634 1899 792 1980 prolixum
812 1905 894 1960 extat
912 1900 1048 1980 elogium
1058 1903 1141 1982 apud
1190 1894 1264 1968 lem,
1280 1895 1385 1956 19111111
1399 1913 1454 1956 sua
1468 1897 1615 1976 Opinione
1625 1897 1825 1977 probsbiliori·

371 1991 558 2072 Vadingum)
576 1992 716 2054 incursu
741 1991 926 2071 Theologico
945 1993 1024 2073 disp.
1045 1995 1085 2054 11
1107 2015 1138 2075 q.
1229 1988 1403 2049 Ludovious
1417 2007 1540 2070 quoque
1555 1991 1715 2070 caspensis
1734 2011 1794 2052 non
1812 1991 1917 2071 ignobili

371 2086 400 2145 3.
421 2083 456 2145 de
476 2084 649 2146 couscientia
665 2083 819 2166 probabili
834 2084 968 2146 conclus.
985 2088 1015 2146 1.
1032 2094 1137 2167 potest,
1192 2079 1367 2158 Theologus
1380 2081 1522 2142 inGnrsu
1537 2083 1724 2162 Theologioo
1733 2089 1804 2144 tom.
1819 2087 1915 2144 111131.

370 2176 483 2256 inquit,
503 2175 681 2258 patefacere
704 2175 783 2257 quod
805 2183 929 2257 apparet
944 2177 1140 2258 probabiliter
1190 2172 1229 2232 de
1254 2173 1441 2234 oonsoienliu
1467 2174 1548 2254 disp.
1578 2177 1607 2236 3.
1637 2182 1712 2238 sect.
1740 2179 1770 2238 i.
1789 2195 1850 2256 pag.
1871 2177 1917 2236 iti.

372 2267 498 2345 licitam,
523 2267 588 2329 labet
608 2269 702 2349 mapa
720 2266 869 2348 probabile
894 2276 1047 2349 appareat,
1063 2271 1141 2352 quod
1189 2262 1270 2324 hono
1284 2266 1483 2326 assertionem
1493 2268 1595 2347 ponit:
1612 2314 1633 2344 „
1652 2268 1771 2330 licitum
1781 2275 1821 2330 esi
1833 2268 1919 2347 operm

371 2377 429 2422 oon
448 2361 485 2422 sit
506 2359 634 2422 licitum.
656 2361 749 2422 Addit
769 2360 851 2422 hanc
874 2379 939 2422 esse
957 2360 1046 2443 lepem
1060 2383 1141 2424 com·
1185 2355 1276 2434 jnxtu
1301 2358 1487 2419 senientiam
1509 2359 1714 2440 probabilem,
1739 2380 1805 2441 qua
1829 2379 1858 2421 re
1877 2361 1921 2440 ipu

370 2453 547 2531 muctarem,
563 2471 694 2532 eamque
704 2452 814 2532 probat
827 2453 925 2513 tribus
939 2458 1141 2534 argumentis,
1188 2447 1357 2528 probabilis
1364 2449 1530 2528 Silindioio
1540 2454 1710 2530 operantis,
1726 2453 1824 2514 11111111
1832 2450 1919 2525 illinis

370 2551 401 2607 et
409 2546 523 2627 duplici
534 2545 780 2608 adversariorum
789 2544 953 2624 objectioni
966 2549 1140 2627 respondet.
1190 2546 1221 2602 ei
1233 2541 1433 2622 probabiliori
1445 2544 1597 2605 sententis
1611 2545 1708 2607 etiam
1721 2546 1812 2626 ipsius
1825 2561 1929 2624 opens.

409 2637 519 2700 Petrus
551 2657 674 2719 quoque
708 2638 927 2716 blerehantius,
962 2639 1009 2699 vir
1036 2643 1142 2721 magni
1191 2633 1239 2694 tis.

370 2732 453 2812 apud
467 2731 577 2811 Belgas
594 2731 741 2808 nominis,
755 2737 860 2810 atque,
877 2737 913 2793 ut
926 2731 1067 2794 Valerius
1081 2735 1142 2795 An·
1230 2726 1387 2788 Conseniit
1415 2727 1585 2788 Gesnnldus
1613 2727 1701 2809 (sive,
1726 2735 1761 2790 ut
1781 2726 1925 2790 habenula

371 2823 460 2884 dreas
469 2825 513 2884 ait
522 2824 555 2884 in
566 2822 754 2884 Bibliotheca
763 2823 898 2902 Belgica,
911 2823 1060 2904 stipulari
1073 2843 1141 2886 era·
1190 2817 1377 2880 bibliotheca
1391 2820 1513 2881 Ordinis
1532 2821 1704 2898 lituorum,
1719 2819 1875 2900 lesualdm)
1888 2821 1925 2878 Pa-

370 2912 490 2992 ditioae,
512 2923 539 2976 ei
562 2914 726 2996 eloquentia
751 2913 907 2994 proditus,
930 2916 1086 2978 uberrime
1104 2920 1142 2980 de
1191 2912 1472 2972 normitauustom.
1491 2915 1520 2972 1.
1537 2913 1673 2992 Operum
1690 2914 1796 2975 Moral.
1810 2912 1926 2974 tractsi

370 3007 430 3068 hac
452 3007 621 3088 quastione
642 3007 779 3087 disputat
802 3007 835 3067 in
857 3006 949 3085 libro,
973 3010 1020 3068 cui
1036 3010 1144 3072 titulus
1190 3005 1298 3083 3336.
1313 3005 1796 3086 3111113331333311619333-
1812 3001 1926 3078 15631

372 3105 436 3161 esi:
460 3098 607 3161 Tribuaal
628 3097 852 3160 Sacrameutole
872 3099 973 3163 Traot.
995 3102 1025 3161 5.
1041 3103 1087 3162 tit.
1109 3105 1139 3164 6.
1190 3096 1349 3157 diversitos
1376 3095 1560 3174 opinionum
1593 3104 1774 3160 occurreret
1798 3097 1841 3158 vel
1873 3095 1929 3156 diu

372 3209 404 3272 q.
413 3193 443 3253 6.
452 3191 502 3254 Sic
511 3197 616 3253 autem
625 3195 762 3253 mentem
769 3209 857 3251 suam
863 3193 989 3272 exponit
999 3195 1096 3256 conci.
1110 3197 1140 3258 1.
1191 3187 1428 3264 restitutionem,
1440 3188 1490 3248 vel
1502 3189 1583 3250 circa
1598 3189 1669 3266 alia,
1687 3199 1719 3252 et
1732 3185 1928 3270 3331133336-

374 3329 395 3363 „
408 3284 492 3346 lnter
500 3284 662 3364 opiniones
670 3283 784 3364 plures,
800 3301 869 3362 quae
880 3285 1140 3365 suntprobabilcs,
1191 3281 1234 3341 let
1256 3280 1439 3353 satisfacere,
1472 3281 1612 3360 eoquod
1649 3281 1767 3344 lrabeat
1787 3281 1931 3362 opinionon

374 3375 494 3436 etiarnsi
523 3376 626 3456 alique
659 3375 849 3455 probabilior
882 3383 1039 3456 appareat,
1073 3378 1144 3440 licet
1192 3370 1384 3452 probabilem
1398 3372 1575 3451 aliquorum
1603 3375 1775 3436 Doctorum
1783 3373 1929 3442 fficentiun,

373 3487 603 3550 quamcumque
626 3487 664 3529 ex
686 3468 746 3528 illis
767 3469 865 3547 sequi,
894 3472 925 3528 et
952 3469 1074 3548 eligere,
1099 3471 1144 3532 Et
1192 3483 1257 3525 non
1289 3483 1354 3525 esse
1390 3464 1571 3543 obligatum,
1612 3466 1688 3528 licet
1723 3465 1932 3530 caueantur

373 3565 478 3642 quast.
495 3563 525 3621 1.
548 3560 640 3622 conci.
663 3564 691 3622 l.
712 3562 795 3620 lntcr
809 3561 970 3640 opiniones
982 3579 1054 3623 vere
1068 3582 1144 3642 pro-
1192 3562 1300 3617 contra
1314 3562 1432 3617 teneret
1445 3557 1634 3618 contrariam
1646 3559 1839 3638 opinionem,
1853 3571 1933 3636 quau

373 3653 491 3716 babilas
505 3673 562 3734 per
572 3673 615 3732 se,
631 3672 696 3714 non
710 3658 833 3714 tenetur
846 3653 941 3714 homo
956 3654 1043 3732 sequi
1053 3657 1145 3716 tutio·
1193 3649 1239 3710 vis
1257 3649 1517 3729 probabiliorem:
1540 3650 1751 3714 nibilominus
1773 3653 1807 3712 in
1823 3651 1875 3712 hoc
1885 3663 1935 3708 cusu

373 3764 451 3808 rem.
1194 3741 1401 3803 Conlesserius
1414 3747 1526 3821 potest,
1542 3749 1573 3804 ct
1586 3743 1681 3806 debet
1701 3745 1797 3806 talem
1814 3741 1934 3824 panim·

414 3837 519 3901 Obiter
555 3838 638 3899 idem
669 3835 802 3897 affirmat
829 3836 971 3898 Matthias
1002 3839 1144 3900 Hauzeur
1193 3840 1256 3894 tem
1271 3833 1438 3895 absolvere.

374 3935 459 3992 tomo
474 3933 503 3991 1.
530 3929 679 4010 Epitomis
701 3947 831 4010 operum
852 3931 957 3990 Sancti
980 3932 1145 4010 Augustini
1233 3926 1570 4004 Accuretius,aclusius
1583 3929 1796 4007 quaestiouem
1810 3929 1936 3988 bnncem·

375 4025 414 4085 ad
432 4023 486 4084 lib.
511 4026 539 4083 l.
565 4028 672 4083 contra
695 4022 866 4082 Donatistas
887 4041 954 4101 cap.
979 4024 1009 4082 5.
1029 4025 1145 4097 Quaerit
1194 4019 1292 4078 minat
1305 4017 1437 4080 lacobus
1449 4019 1782 4098 RaggiusGenuensis,
1794 4016 1938 4082 centurial-

376 4116 472 4192 enim,
490 4161 510 4193 „
527 4132 589 4194 quo
603 4132 695 4174 sensu
710 4115 748 4174 sit
762 4119 879 4174 certum
899 4120 1058 4192 peccatum
1071 4134 1146 4195 prae-
1194 4111 1232 4170 de
1256 4111 1415 4190 Rogiminc
1439 4109 1650 4188 Regularium,
1677 4119 1769 4194 parte
1782 4115 1811 4174 1.
1828 4109 1891 4170 duh.
1904 4107 1938 4165 is.

375 4227 491 4289 ponere
512 4207 601 4268 certis
624 4207 750 4283 incerta,
771 4224 842 4266 curn
862 4206 955 4266 liceat
978 4207 1145 4286 aliquando
1194 4203 1336 4263 editionis
1349 4203 1491 4264 secunda
1508 4206 1687 4267 Genuensis
1701 4207 1779 4268 anni
1796 4205 1877 4268 1653.
1889 4215 1940 4280 pig·

376 4301 424 4364 uti
438 4300 588 4362 sententia
605 4303 727 4360 tentum
747 4297 908 4378 probabili,
929 4297 1034 4359 relicta
1050 4304 1142 4360 certa.
1196 4298 1263 4356 169.
1283 4342 1303 4372 ,,
1320 4297 1461 4356 Secunda
1475 4298 1638 4376 sententia,
1659 4299 1771 4380 rapuit,
1785 4304 1828 4359 est
1840 4295 1941 4356 affirma·

375 4391 548 4474 Respondet,
570 4391 604 4451 in
627 4391 737 4452 mediis
755 4389 795 4450 ad
814 4390 945 4450 salutem
971 4392 1147 4452 necessariis
1194 4389 1268 4465 tiva,
1293 4389 1467 4462 admittens,
1495 4407 1582 4468 posse
1604 4391 1705 4452 etiam
1719 4393 1754 4452 in
1774 4385 1944 4472 prusiadis

375 4502 539 4564 nunquam
560 4485 653 4545 licere
673 4484 721 4544 uti
738 4483 872 4550 incertis.
902 4483 1015 4544 relictis
1033 4485 1144 4560 certis;
1194 4499 1263 4542 rere
1288 4480 1427 4560 opinioni
1451 4481 1614 4560 probabili,
1631 4483 1842 4562 probabiliori
1853 4477 1941 4540 relicta.

375 4579 411 4640 in
425 4576 585 4658 praeceptis
607 4582 712 4637 autem
735 4575 826 4636 licere
845 4574 892 4634 uti
913 4576 1146 4655 sententiapro
1196 4573 1241 4632 lta
1267 4573 1399 4648 Medius,
1424 4579 1455 4632 ct
1477 4573 1542 4650 alii,
1558 4581 1593 4636 ut
1611 4575 1657 4634 ita
1675 4577 1796 4651 dicam,
1810 4570 1944 4642 infiniti„-

376 4670 483 4734 babilj.
1195 4665 1294 4738 Quam
1307 4664 1488 4745 opinionem
1502 4667 1555 4741 ait,
1566 4685 1631 4728 esso
1640 4669 1834 4750 sequendum,
1843 4674 1945 4740 3311111111

417 4761 622 4826 Stibscribunt
649 4759 751 4822 eidem
784 4757 945 4820 sententiae
979 4757 1145 4821 doctissimi
1194 4764 1328 4838 quatuor
1339 4757 1530 4838 argumentis
1543 4759 1657 4838 probat
1668 4758 1694 4821 ³.
1739 4825 1743 4832 ,

376 4857 495 4937 qmquo
517 4853 682 4934 anuccini
696 4850 812 4930 Eligius
826 4851 958 4912 Basseus
974 4848 1083 4932 (multae
1097 4857 1145 4913 uir
1234 4849 1416 4931 Suppeditai
1431 4849 1521 4912 nobis
1537 4852 1682 4930 ejusdem
1697 4845 1947 4938 septenusdeci-

413 5090 423 5134 ι
443 5080 509 5133 prior
521 5076 590 5131 edida
604 5074 761 5140 Lugdunensis
776 5073 934 5140 prodieratan.
952 5073 1026 5126 1631.
1195 5071 1264 5134 ite,
1280 5070 1318 5121 ubl
1344 5077 1462 5138 postquam
1479 5073 1557 5138 plures
1577 5069 1694 5128 63313333
1709 5075 1793 5140 citatos
1813 5067 1947 5128 staunton

410 5158 472 5212 spi
495 5157 581 5221 quarta
598 5150 755 5216 Lugdunensis
774 5150 879 5202 editionis
896 5149 966 5201 multo
980 5148 1088 5202 ancnoris
1105 5163 1142 5202 33.
1194 5151 1315 5210 recensuit,
1334 5147 1397 5198 addit
1416 5164 1421 5196 ι
1440 5167 1450 5194 ι
1467 5148 1550 5212 quibus
1577 5163 1620 5215 ego
1651 5150 1773 5220 subjungo
1787 5167 1800 5204 a
1813 5166 1846 5203 nc
1857 5149 1947 5200 13313311

377 5235 453 5289 1553·
1196 5241 1207 5270 ι
1227 5223 1309 5274 nostris
1324 5221 1433 5286 ignatium
1448 5223 1536 5289 Lupum
1550 5224 1610 5294 disp.
1630 5225 1676 5278 13.
1693 5233 1741 5278 ari.
1757 5227 1783 5279 2.
1800 5223 1946 5279 enauimus

410 5313 426 5364 a
456 5306 587 5370 63313333
609 5302 810 5355 limeiscanomni
840 5299 1042 5353 Probabilisiarum
1064 5305 1146 5364 augent
1197 5299 1251 5350 »in
1264 5299 1416 5352 decisionibus
1430 5300 1562 5358 moralibus.
1591 5299 1697 5368 Sporer.
1717 5305 1835 5357 neronem
1849 5293 1946 5364 1131ςῶ

376 5386 482 5441 gasirius
495 5382 519 5434 in
536 5380 562 5430 1.
578 5382 680 5432 rement.
705 5378 768 5443 disp.
788 5379 812 5428 5.
828 5379 876 5427 ort.
892 5376 917 5426 2.
937 5375 995 5440 dia
1017 5373 1146 5438 Theolopin
1197 5393 1207 5420 u
1228 5374 1321 5440 passim,
1337 5375 1409 5426 Bosco
1424 5379 1486 5442 parte
1496 5376 1533 5438 1.,
1549 5377 1629 5442 Βςιὶη,
1651 5379 1761 5434 blainum
1776 5379 1856 5440 nami.
1872 5371 1946 5426 W

377 5463 475 5522 1133311,
489 5461 512 5509 31
525 5457 599 5506 lirum
613 5454 748 5507 Ncusserin
767 5453 918 5516 Polyanthos
937 5449 1142 5514 llicolopicoblo-
1198 5465 1292 5513 anum,
1307 5449 1436 5503 Mauritium
1450 5451 1548 5519 l'hilippl
1565 5453 1647 5506 Tract.
1679 5467 1700 5509 i.
1728 5471 1781 5525 cap.
1798 5467 1815 5509 ι.
1830 5455 1944 5508 63331111

377 5528 864 5596 ,3303333133113333633311131686.
882 5527 937 5592 disp
961 5525 1003 5576 11.
1022 5540 1045 5590 q.
1063 5525 1103 5576 lt.
1115 5541 1142 5591 p.
1197 5545 1207 5573 ι
1228 5525 1313 5579 Sicben
1328 5526 1350 5578 iu
1364 5526 1477 5581 suarius
1493 5543 1544 5582 aare
1558 5530 1660 5584 eruditis
1677 5549 1755 5602 nuper
1768 5532 1856 5588 mari
1867 5527 1945 5586 alise
