3976 6342
571 371 621 432 DE
642 371 750 432 LOCIS
772 369 938 435 oleatus
960 373 1201 440 THEOLOGlAE.
1642 384 1681 442 95

913 561 978 604 uon
999 543 1150 618 dubitant,
1173 545 1348 626 ipsumque,
1373 546 1457 626 quod
1476 548 1558 608 tueri
1575 549 1682 628 sejac-

442 643 507 705 xv,
913 640 990 712 ant,
1010 637 1251 700 sacratissimum
1274 639 1449 700 adulterare
1461 639 1684 719 dignoscuntur

913 727 1684 812 fideidepositum.Atqoeinterhujusmodierroris

93 823 238 888 diuortio
254 829 285 888 ot
306 823 465 903 prohibitio
487 839 604 903 operum
625 825 735 904 doorgll
750 825 864 889 Eortooo
913 823 1075 900 magistros
1096 843 1134 884 ex
1154 824 1307 886 constanti
1325 831 1355 886 ct
1380 825 1444 886 lere
1458 825 1685 907 communiper

158 949 210 1010 W
224 933 311 996 pm,
321 931 451 1010 pum,
466 931 534 996 m
551 931 587 996 20
600 935 680 1008 pm
697 933 787 994 1gpg
913 909 1110 974 Germaniam
1124 913 1207 974 tama
1220 913 1442 976 adnumeratur
1454 915 1601 996 Georgius
1612 917 1686 978 ller-

913 1019 989 1079 mes‚
1006 1011 1112 1086 utpote
1125 1005 1179 1086 qui
1197 1007 1343 1068 audacter
1362 1007 1491 1086 aregio,
1508 1026 1602 1088 quem
1616 1007 1686 1069 uni·

127 1131 323 1194 „amantur
353 1132 414 1194 hoG
442 1131 532 1194 Brevi
562 1132 803 1194 Introducfionis
829 1131 863 1192 in
912 1113 1000 1158 versa
1014 1100 1139 1160 traditio
1158 1104 1189 1161 et
1210 1101 1262 1161 SS.
1280 1101 1384 1162 Patres
1398 1101 1432 1161 in
1446 1101 1636 1180 exponendis
1649 1120 1684 1162 ac

90 1223 289 1304 Theologiam
304 1225 769 1305 Christiano-Catholiffimpars·
788 1229 816 1286 4·
833 1231 864 1286 et
912 1189 1104 1253 vindicandis
1117 1193 1189 1254 fidei
1206 1193 1386 1254 veritatibus
1399 1195 1522 1256 tramite
1537 1197 1684 1270 stravere,

90 1319 117 1378 ἰ
146 1319 328 1380 monasteri-¹
351 1321 440 1380 4819·
457 1324 488 1380 et
508 1319 596 1379 1899·
627 1318 864 1396 etnogmflfioes
912 1283 1087 1361 deflectens,
1115 1285 1191 1364 quin
1214 1289 1245 1346 et
1270 1286 1402 1365 superbe
1430 1293 1630 1348 contemnens
1655 1292 1686 1348 et

92 1365 159 1490 pa'rs
182 1413 212 1471 4·
249 1412 429 1472 monasterii
451 1413 539 1473 1334·
560 1364 686 1472 De'cmm
701 1412 732 1474 s·
749 1411 859 1490 congr·
913 1375 1074 1453 damnans,
1101 1377 1297 1438 tenebrosam
1324 1380 1363 1440 ad
1390 1397 1528 1440 errorem
1548 1379 1686 1459 omnige-

93 1503 156 1564 ΗΜ.
170 1503 201 1564 d·
217 1457 250 1564 '7
263 1505 335 1566 'lan'
353 1505 442 1566 4836·
455 1503 602 1566 Summus
610 1503 751 1564 pont-,fex
764 1503 865 1565 deela-
913 1486 991 1529 num
1005 1469 1088 1531 viam
1099 1471 1384 1532 moliaturindubio
1395 1472 1523 1551 positivo
1535 1475 1685 1551 tanquam

96 1595 325 1658 wimundum
351 1597 577 1678 etiampmem
591 1599 621 1658 ᾖ.
638 1603 668 1660 et
682 1599 712 1658 3ι
729 1597 862 1675 Βοεωᾶ,
913 1559 979 1622 basi
1006 1563 1108 1624 omnis
1134 1563 1326 1643 theologicae
1353 1564 1572 1644 inquisitionis
1598 1565 1685 1625 etin

95 1685 165 1750 ἥρω
178 1643 401 1770 fflmprehgndi
415 1689 537 1752 decreto
552 1692 582 1752 d·
608 1692 659 1751 ᾖδ’
673 1692 757 1770 Sept·
772 1692 860 1752 ¹835·
913 1654 1075 1734 principio,
1097 1656 1182 1735 quod
1204 1657 1321 1734 statuit,
1346 1655 1499 1718 rationem
1513 1656 1685 1737 principem

96 1781 163 1842 Pius
189 1800 263 1843 ,ero
288 1783 340 1844 IX⁸
367 1782 399 1843 d·
426 1785 477 1844 25·
502 1783 565 1846 Μ.
588 1785 677 1846 1847·
694 1789 863 1864 utrumque
913 1750 1249 1854 normamacuuicum
1265 1750 1403 1854 medium
1422 1751 1685 1855 essc,'quohomo

912 1859 1034 1920 assequi
1047 1847 1141 1922 possit
1154 1843 1438 1922 supernaturahum
1450 1848 1619 1904 veritatum
1633 1861 1684 1904 co·

916 1933 1142 2011 guidonem...

134 2023 178 2086 Ad
193 2023 360 2102 augendas,
379 2023 492 2105 qrdbus
505 2022 560 2086 diu
573 2031 728 2107 noctuque
747 2027 862 2106 premi·
954 2027 1016 2086 Hos
1034 2027 1128 2106 igitur
1146 2027 1242 2088 libros
1268 2027 1348 2088 tradi
1367 2027 1517 2106 jussimus
1534 2027 1685 2107 theologis

100 2130 175 2192 mur,
189 2117 346 2196 angustias
358 2117 536 2179 illudetiam
546 2117 863 2182 calamitossissimum
912 2118 1102 2181 Germanicae
1111 2122 1228 2200 linguae
1238 2121 1430 2200 peritissimis
1454 2120 1588 2182 omniex
1599 2125 1685 2200 parte

102 2225 132 2270 ao
160 2227 356 2291 summopere
379 2209 604 2290 deplorandum
633 2212 761 2289 accedit,
779 2211 863 2292 quod
913 2210 1142 2291 diligentissime
1161 2214 1433 2293 perscrutandos...
1464 2213 1603 2274 Tandem
1618 2232 1685 2274 rem

102 2301 174 2363 inter
195 2317 256 2379 eos,
277 2303 331 2382 qui
351 2321 409 2383 pro
427 2301 577 2379 religione
605 2303 695 2365 editis
718 2305 864 2384 operibus
913 2308 1010 2365 totam
1025 2325 1063 2366 cx
1076 2307 1198 2385 integro
1219 2305 1442 2368 discutiendam
1460 2311 1491 2367 et
1508 2305 1686 2367 examinan-
1737 2304 1741 2315 '

103 2399 219 2472 cedant,
239 2393 385 2458 nonnulli
406 2395 548 2457 simulate
574 2415 605 2457 se
631 2395 791 2458 intrudere
810 2417 864 2458 au-
912 2396 985 2458 dem
999 2398 1111 2460 deferri
1124 2400 1279 2460 voluimus
1297 2400 1337 2460 ad
1352 2399 1551 2460 Venerabiles
1565 2400 1686 2460 Fratres

104 2485 195 2560 deant,
212 2489 265 2568 qui
279 2487 424 2550 similiter
441 2507 497 2568 pro
516 2489 625 2550 eadem
643 2485 741 2550 videri
754 2489 864 2551 volunt
913 2496 1033 2550 nosnos
1048 2493 1079 2552 S.
1097 2493 1133 2552 a.
1150 2493 1184 2551 E.
1202 2492 1378 2552 Cardinales
1395 2493 1429 2552 in
1446 2497 1511 2552 tota
1529 2490 1686 2571 republica

105 2583 290 2643 atestentant
304 2599 337 2642 se
354 2581 510 2655 dimicare,
525 2587 561 2642 ut
574 2587 695 2642 retenta
706 2581 864 2662 religionis
913 2583 1078 2644 christiana
1099 2584 1297 2662 Inquisitores
1320 2585 1494 2646 Generales.
1519 2585 1560 2644 Hi
1578 2590 1683 2646 autem

105 2674 200 2752 speeie,
215 2675 345 2736 veritate
359 2681 464 2735 autem
481 2675 633 2754 despecta,
659 2675 778 2736 facilius
792 2693 862 2757 pos·
913 2676 1000 2736 omni
1019 2677 1131 2750 studio,
1157 2683 1250 2756 prout
1274 2677 1318 2738 rei
1346 2677 1479 2756 gravitas
1497 2677 1681 2756 postcdaliat

106 2765 156 2826 sint
179 2783 232 2848 per
250 2765 468 2850 philosophiam
492 2785 546 2830 sen
570 2785 626 2848 per
647 2785 863 2832 vanaseorum
913 2771 1024 2830 cuneta
1038 2774 1068 2830 et
1082 2769 1430 2850 singulaexpendentcs,
1448 2774 1517 2850 post
1530 2774 1683 2830 maturam

107 2857 318 2940 philosophicas
332 2861 608 2922 commentationes
622 2865 652 2922 et
667 2862 782 2922 inanem
796 2861 862 2942 sot·
913 2861 1133 2922 discussionem
1154 2878 1258 2923 coram
1277 2861 1370 2922 Nobis
1388 2859 1526 2922 habitam
1539 2861 1685 2940 dijudica·

110 2948 200 3012 loriam
226 2953 366 3014 incautos
393 2955 538 3016 seducere
566 2960 658 3034 atque
675 2961 861 3034 pervertere,
912 2958 997 3031 runt,
1018 2973 1200 3015 evanescere
1216 2961 1376 3015 auctorem
1395 2953 1428 3014 iu
1447 2953 1686 3034 cogitationibus

110 3041 169 3105 hine
177 3051 204 3106 ct
212 3046 501 3127 populosdecipere,
515 3045 721 3127 fidentiusque
732 3048 864 3109 inimicis
913 3047 976 3107 suis
1003 3046 1153 3128 pluraque
1180 3048 1214 3108 in
1240 3047 1328 3107 dictis
1355 3045 1500 3126 operibus
1521 3053 1685 3108 contexere

112 3135 196 3214 polam
213 3139 410 3200 saevientibus
430 3139 595 3219 adjutrices
619 3141 777 3219 porrigere
797 3160 862 3202 mo·
913 3139 1047 3200 absurda
1074 3141 1104 3200 ct
1143 3159 1162 3200 a
1189 3139 1328 3200 doctrina
1356 3139 1514 3200 catholicoe
1546 3139 1684 3202 Ecclesiae

114 3241 168 3290 nus.
179 3231 376 3311 Quapropter,
388 3237 424 3291 ut
432 3233 522 3292 nobis
545 3229 692 3311 impiaret
710 3234 863 3295 insidiosae
912 3232 1013 3294 aliena
1024 3253 1032 3308 ;
1064 3233 1237 3313 pracsertim
1259 3251 1333 3292 vero
1353 3231 1433 3293 circa
1455 3237 1600 3293 naturam
1614 3231 1685 3294 fidei

115 3319 299 3400 quorumdam
321 3325 434 3385 horum
470 3325 656 3405 scriptorum
688 3327 864 3388 molitiones
913 3332 944 3387 et
958 3327 1184 3386 credendorum
1198 3325 1447 3405 regulum;circa
1459 3325 1686 3406 sacramSerip-

114 3413 304 3494 inootucrunt,
316 3436 380 3478 nrrn
392 3417 568 3478 distulimus
580 3423 863 3500 pernostrosency-
913 3424 1029 3495 turam,
1055 3417 1264 3493 traditionem,
1290 3417 1511 3478 revelationem
1533 3423 1563 3478 et
1584 3419 1684 3479 Eccle-

97 1873 250 1938 decretum
263 1875 471 1938 confirmavit.

52 3540 53 3550 κ
115 3505 186 3570 clieas
217 3510 353 3590 aliasque
390 3509 578 3590 Apostolicas
608 3511 724 3572 litteras
756 3513 865 3574 callida
913 3513 967 3574 sico
983 3511 1198 3591 magisterium
1205 3531 1213 3587 ;
1235 3511 1316 3571 eirea
1326 3511 1441 3571 motivo
1455 3511 1684 3588 credibilitatis3

114 3615 203 3664 corum
228 3609 258 3664 et
285 3621 381 3684 prava
409 3601 596 3665 denunciare
625 3605 750 3666 consilia
775 3625 863 3667 erro·
914 3605 992 3666 eirca
1004 3619 1198 3684 argumenta,
1219 3604 1307 3684 qereis
1326 3603 1490 3664 existentia
1504 3603 1558 3664 Dei
1570 3603 1687 3665 adstrui

114 3711 202 3775 reaque
216 3695 374 3765 damnare,
391 3697 486 3757 simul
499 3701 529 3758 et
543 3697 681 3758 exitiales
694 3699 865 3778 patefacere
915 3698 1153 3777 confirmarique
1181 3697 1358 3772 consuevit3
1394 3697 1474 3757 circa
1504 3697 1599 3776 ipsios
1634 3698 1688 3758 Dei

113 3785 223 3863 modes,
243 3787 358 3868 quihus
384 3787 521 3850 divinam
545 3790 686 3852 Ecclesia
713 3793 864 3852 constitu·
915 3790 1091 3866 essentiam,
1107 3789 1483 3868 sanctitatem,justitiam,
1499 3789 1685 3866 libertatem,

111 3879 209 3943 tionem
230 3891 260 3944 et
278 3881 512 3944 ecclesiasticam
533 3881 738 3963 ‹lisciplinam,
757 3885 821 3945 imo
836 3889 866 3946 et
915 3883 1115 3963 ejusdemque
1130 3881 1225 3942 tinem
1248 3882 1280 3941 in
1300 3880 1456 3961 operibus,
1473 3900 1542 3960 quae
1566 3881 1686 3942 atheo-

110 3975 194 4036 lotum
224 3975 328 4056 ipsum
362 3975 523 4056 publicum
557 3977 699 4038 ordinem
727 3977 866 4040 funditus
916 3976 994 4055 logis
1009 3980 1158 4036 vocantur
1170 3975 1209 4034 ad
1224 3979 1330 4049 extra;
1347 3993 1469 4034 neonem
1483 3973 1563 4035 circa
1583 3973 1689 4052 gratiae

108 4073 228 4130 avertere
256 4067 421 4130 vaferrime
449 4069 651 4129 contendunt.
682 4071 719 4130 Et
739 4071 866 4149 quidem
916 4065 1139 4144 necessitatem,
1156 4067 1400 4147 ejusdcmqacac
1414 4067 1573 4149 donorum
1585 4065 1686 4127 distri-

106 4159 265 4223 tristissimo
280 4161 360 4222 iacto
375 4162 612 4243 comprobatum
631 4167 686 4240 cst,
709 4181 761 4224 eos
775 4163 867 4244 dopo·
916 4159 1089 4237 butionem,
1125 4159 1362 4221 retributionem
1397 4159 1620 4239 praemiorum,
1658 4164 1688 4219 ot

104 4250 153 4312 sito
168 4257 294 4315 undem
313 4253 519 4316 simulationis
541 4254 622 4332 velo,
645 4253 865 4334 perduellionis
916 4271 1082 4334 pernarum
1101 4253 1322 4328 indictionem
1339 4253 1419 4313 cirea
1433 4257 1688 4333 protoparentum

4 4427 5 4434 ἵ
104 4341 228 4404 verilum
242 4347 352 4404 eontra
365 4359 583 4424 quamcunque
599 4363 618 4404 a
632 4343 694 4405 Deo
716 4345 866 4406 constitu·
918 4351 1044 4422 statum,
1062 4353 1225 4426 peccatum
1239 4344 1399 4424 originale,
1419 4365 1455 4406 ac
1469 4339 1690 4424 hominislapsi

105 4439 160 4494 um
186 4441 371 4516 potestatem
399 4437 459 4498 alte
483 4439 549 4516 jam
578 4437 867 4500 extulisse.Vc1·um
916 4439 1015 4514 vires;
1033 4439 1219 4517 eosdemque
1229 4437 1323 4498 libros
1334 4441 1484 4517 tanquam
1496 4438 1690 4498 continentes

103 4541 159 4588 non
192 4531 261 4592 haec
300 4529 365 4590 sola
398 4529 503 4590 subest
533 4529 715 4608 grarissima
739 4531 868 4610 lugendi
918 4531 1075 4592 doctrinas
1097 4537 1127 4592 et
1155 4529 1378 4610 propositiones
1403 4529 1570 4610 respective
1587 4528 1688 4604 falsae,

103 4633 195 4682 causa
212 4623 331 4684 Praeter
352 4623 435 4683 enim
457 4641 520 4698 eoa,
537 4623 590 4702 spui
606 4622 749 4684 omniurn
761 4623 866 4684 catho—
920 4625 1115 4700 temerarias,
1146 4623 1305 4702 captiosas,
1334 4623 1367 4683 in
1401 4622 1627 4701 scepticismum
1661 4626 1692 4682 et

103 4707 225 4775 lirorum
236 4715 382 4776 scandalo
396 4733 427 4777 se
439 4715 649 4796 perduellibus
663 4715 866 4794 devoverunt,
903 4715 1211 4776 *indifferentismum
1223 4713 1415 4792 imiucentes,
1432 4733 1587 4791 erroneas,
1604 4733 1691 4775 scon-

103 4801 138 4861 ad
160 4807 403 4870 amaritudinum
435 4813 613 4870 nostrarum
645 4809 807 4871 cumulum
835 4809 869 4869 in
919 4807 1048 4885 dolosas,
1064 4808 1098 4868 in
1112 4806 1274 4868 catholicas
1292 4807 1411 4868 scholas
1429 4807 1603 4886 iniuriosae,
1620 4805 1691 4867 lidci

105 4891 307 4978 theologicum
331 4901 423 4962 etiam
449 4902 585 4963 stadium
612 4903 784 4983 prodeunt,
815 4902 869 4981 qui
922 4901 1035 4963 divinar
1066 4901 1229 4974 eversores,
1245 4901 1389 4962 haeresim
1403 4899 1602 4980 sapientcsao
1615 4899 1690 4960 alias

106 4987 244 5051 novitatis
256 4991 396 5071 cupidine
412 5001 442 5056 et
456 4999 533 5057 testu
543 5009 664 5075 semper
678 4997 828 5056 discentes
839 4999 870 5056 ct
920 4993 959 5055 ab
980 4993 1113 5055 Ecclesia
1136 4994 1307 5071 damnatas,
1331 4993 1540 5074 prohibendos
1559 4997 1590 5054 ct
1604 4993 1690 5052 dam-

109 5091 266 5160 nunqtmm
279 5085 317 5145 ad
327 5085 480 5149 scientiam
490 5087 628 5150 veritatis
642 5089 868 5168 pervenientes,
920 5086 1039 5148 nandos
1052 5105 1117 5147 esse
1132 5091 1328 5148 censuerunt.
1623 5125 1628 5138 .

112 5171 250 5250 magistri
259 5177 390 5239 existunt
406 5179 527 5260 erroris,
553 5183 607 5261 qui
628 5181 765 5242 veritatis
782 5181 869 5242 disci·
959 5181 1021 5240 Nos
1045 5179 1148 5259 itique
1170 5179 1282 5240 auditis
1309 5177 1509 5260 praefatorum
1544 5175 1690 5239 Cardine-

117 5259 181 5334 poli
199 5283 263 5326 non
282 5265 413 5332 tolerunt.
434 5272 605 5354 Peregrinis
628 5271 743 5354 quippe
756 5273 870 5354 impro-
919 5272 998 5333 lium
1011 5271 1166 5350 suffragiis
1175 5277 1206 5333 et
1215 5271 1359 5333 omnibus
1373 5271 1463 5352 plene
1473 5267 1641 5351 perpensis,
1653 5267 1691 5328 de

38 5358 62 5453 i,
123 5345 284 5436 iltotisque
298 5359 433 5424 doctrinis
446 5381 530 5426 sacra
541 5366 600 5446 ipsi
613 5367 756 5428 inficiunt
769 5367 871 5428 studia
921 5365 1171 5427 eorumconsilio
1186 5367 1328 5426 ucetiam
1341 5368 1427 5425 motu
1441 5361 1577 5442 proprio,
1591 5357 1691 5438 deque

62 5456 72 5493 Ὺ
137 5441 315 5518 dauhtrum
334 5447 429 5530 etiam,
447 5457 472 5518 si
494 5458 576 5537 quod
588 5461 696 5522 tenent
709 5459 743 5518 in
757 5457 869 5519 scholis
918 5458 1100 5538 Apostolicm
1115 5457 1274 5537 potcstatis
1295 5455 1505 5538 plenitudine,
1528 5449 1691 5533 praedictos

85 5564 92 5623 j
147 5525 334 5614 tiocademlis,
349 5541 467 5607 docendi
481 5543 692 5629 magisterium
707 5549 868 5631 profanare
917 5547 1021 5619 libros,
1052 5547 1228 5628 ubicunque
1256 5553 1287 5609 ct
1313 5565 1498 5627 quocunque
1532 5543 1689 5621 idiomate,
