3964 6348
323 433 382 494 ³80
980 439 1092 506 alneu
1115 439 1258 555 ralpus

322 616 397 658 nam
411 603 437 659 si
451 599 570 680 antiqui
584 607 747 678 errassent,
764 603 868 665 fideles
881 625 946 666 nou
965 605 1089 668 habuis·
1140 606 1266 683 calamo,
1291 615 1319 668 et
1334 607 1449 688 iupmia
1463 605 1584 667 liberam
1597 604 1724 687 vaparrdi
1736 604 1883 686 paruitatm

327 697 413 766 sent,
446 711 464 752 a
492 693 604 772 quibus
626 695 787 756 ueritatem
808 687 992 777 discerent,¹
1007 718 1091 761 nurse
1138 695 1325 778 preberemt
1351 695 1410 772 sed,
1439 703 1471 756 ut
1499 694 1716 776 sapientissimo
1738 694 1885 756 Gararaueli

322 788 438 857 autem,
454 783 525 846 licet
536 791 674 848 errarent
688 790 884 866 recentiores,
898 798 1092 872 superessent
1141 788 1289 870 respondi,
1299 789 1449 850 Romanus
1462 786 1617 860 incolatu&
1631 795 1661 848 θΐ
1670 786 1885 868 stlt'tlssbttt'itll

325 876 456 954 antiqui,
489 895 566 957 quos
600 878 749 957 legende,
783 883 1022 961 considerando,
1062 889 1093 944 et
1140 889 1260 942 cautum
1275 886 1307 942 iu
1320 879 1468 944 scm'beada
1478 899 1522 941 me
1536 879 1886 961 smeruutzetreeeraopi·

325 965 482 1042 sequendo
505 973 628 1046 possent
642 986 761 1030 errores
775 989 846 1031 suos
866 973 1031 1052 deponere.
1059 973 1093 1032 Si
1141 974 1239 1034 m'anes
1254 972 1314 1034 illa
1324 973 1490 1053 stapulares
1500 973 1531 1034 ia
1545 971 1631 1032 subm
1642 971 1797 1032 moralibus
1804 979 1886 1034 muira

323 1057 355 1116 in
370 1059 504 1119 securrdo
525 1077 617 1121 seusu
632 1062 671 1121 sit
693 1081 783 1138 nova,
812 1063 985 1144 habeatque
999 1083 1092 1144 grave
1142 1074 1270 1147 receptas
1298 1066 1440 1129 Ecclesiae
1464 1063 1694 1138 eonsuetudines·
1717 1063 1762 1125 uel
1785 1083 1888 1124 commu

324 1147 572 1225 irrndamentum,
592 1172 656 1214 nou
671 1160 716 1215 est
729 1156 809 1216 ratio
822 1176 878 1218 cur
898 1177 1004 1219 secure
1028 1177 1092 1219 non
1141 1177 1189 1219 ues
1203 1158 1272 1220 DI).
1288 1161 1443 1220 sententias
1456 1158 1519 1240 lere
1541 1176 1654 1238 semper
1676 1157 1751 1217 male
1771 1155 1887 1228 oleae

323 1243 420 1320 possit
441 1245 613 1323 practicari,
644 1253 675 1308 ct
695 1248 810 1322 doceri,
840 1249 886 1310 uti
914 1257 995 1312 recte
1021 1270 1092 1313 eum
1140 1256 1248 1330 passim
1276 1252 1461 1332 ratisraparo
1498 1249 1639 1325 m'demus,
1669 1269 1736 1310 uam
1759 1247 1803 1310 ael
1818 1267 1889 1330 pam

323 1334 390 1394 aliis
403 1337 498 1416 Moya
509 1336 544 1398 dr
553 1357 599 1419 ap.
609 1339 693 1420 pat.
710 1360 738 1422 q.
758 1346 776 1402 4
788 1341 814 1420 ξ.
833 1343 860 1403 3.
1145 1342 1655 1426 SacraeConprepatiauesremaoeot
1665 1341 1887 1413 earatariaiuuslr,

240 1435 297 1494 46¹1
363 1426 391 1506 ἓ.
419 1429 448 1488 2.
472 1430 664 1492 Praeferenda
678 1439 723 1492 est
737 1436 889 1496 sententia
911 1437 1090 1505 iuniorum.
1143 1435 1188 1496 ael
1211 1444 1308 1516 posim
1323 1437 1384 1497 oiri
1401 1435 1478 1497 docti
1499 1455 1556 1496 areu
1583 1435 1677 1495 salum
1705 1433 1767 1494 illis
1791 1433 1889 1496 minim

323 1519 349 1578 si
372 1519 543 1599 decretum,
573 1524 621 1585 vel
656 1527 856 1600 cousuetudo,
884 1529 935 1588 vel
960 1531 1094 1590 rationes
1142 1527 1299 1606 adbaerent,
1326 1528 1376 1590 sed
1392 1529 1491 1610 potius
1514 1528 1626 1589 acriter
1654 1525 1808 1607 refellunt:
1831 1535 1890 1586 rede

322 1629 423 1688 novae,
440 1619 470 1674 et
483 1634 592 1694 graves
605 1617 784 1695 alterantur,
800 1638 875 1699 quas
896 1621 1015 1701 antiqui
1029 1641 1092 1683 non
1143 1619 1242 1701 itaque
1276 1619 1401 1694 Baldus,
1426 1621 1480 1700 qui
1505 1627 1604 1680 cantra
1626 1637 1733 1690 omues,
1759 1637 1812 1678 mu
1831 1623 1890 1680 recle

322 1705 555 1784 considerarint,
585 1716 615 1770 et
638 1717 743 1772 tumen
766 1714 1095 1794 praeponderentanti-
1144 1712 1284 1792 loquitur.
1309 1715 1409 1794 Atque
1423 1713 1516 1774 etiam
1530 1713 1599 1773 idco
1625 1713 1777 1773 Gosuinus
1802 1710 1891 1772 Nickrl

323 1815 458 1874 quorum
471 1802 653 1874 rationibus,
677 1821 747 1882 quae
770 1805 864 1864 etiam
885 1805 972 1866 maile
986 1806 1092 1868 dissol-
1144 1806 1299 1866 Generalis
1313 1807 1354 1867 X.
1375 1806 1547 1886 scalpsisse
1560 1805 1633 1866 Maii
1653 1806 1731 1867 last
1746 1803 1891 1882 Epistulam

322 1895 450 1965 vantur3
477 1898 512 1952 ut
539 1894 623 1955 enim
637 1897 741 1974 opinio
755 1915 836 1957 nova
849 1899 887 1957 sit
912 1898 1091 1977 probabilis,
1143 1898 1182 1960 ad
1208 1903 1306 1959 totam
1334 1899 1517 1960 Societatem
1540 1896 1656 1972 lasa,
1692 1897 1731 1958 de
1753 1896 1892 1957 sententiis

323 1978 511 2082 pauiudiget
524 1989 673 2063 tempore,
690 1985 743 2046 sod
756 1985 977 2047 fundamento:
1008 1994 1039 2048 et
1052 1989 1094 2048 ita
1143 1990 1323 2064 laxioribus,
1363 1991 1492 2070 aliisquo
1524 1990 1667 2065 exoticis,
1702 1995 1734 2050 et
1764 1989 1844 2050 novis
1867 1989 1892 2048 in

323 2070 426 2148 inquit
440 2074 567 2154 Gallcgo
580 2077 662 2156 apud
676 2079 800 2158 Moyam
819 2097 850 2154 u,
868 2082 916 2139 ta.
932 2078 1095 2162 Aupeliaus
1143 2082 1282 2144 docendo
1300 2083 1431 2143 vitandis
1448 2101 1455 2142 :
1485 2082 1663 2143 absimilem
1677 2081 1798 2160 scripsit
1817 2081 1892 2142 etiam

323 2159 430 2222 Ductor
443 2165 542 2228 inulta
564 2169 690 2249 scripsit,
717 2176 745 2230 et
769 2168 864 2230 docuit
879 2179 981 2232 eontra
1005 2171 1092 2250 alios,
1143 2175 1756 2237 loannesPaulusOlivoGanerolile.2.
1770 2173 1891 2236 Decemb.

323 2259 376 2358 pai
387 2263 453 2317 aute
466 2258 563 2338 ipsum
585 2261 777 2341 seripserunt:
799 2271 826 2322 et
841 2270 937 2324 tamen
949 2265 1012 2345 ejru
1025 2265 1092 2345 api·
1145 2270 1234 2330 4662.
1247 2269 1422 2347 iterumque
1432 2270 1480 2330 30.
1492 2267 1602 2346 ilprilis
1614 2269 1702 2328 laet.
1719 2267 1757 2327 de
1771 2267 1894 2327 cavendis

323 2363 421 2407 aiones
440 2351 550 2426 statim,
567 2371 601 2413 ar
619 2351 656 2414 ab
670 2357 732 2434 ipsa
747 2352 866 2416 traditae
882 2363 959 2431 suut,
990 2356 1092 2416 err'sti·
1141 2359 1340 2442 opinionibus
1371 2360 1541 2422 moralibus
1586 2359 1680 2420 nimis
1716 2359 1801 2422 laxis.
1829 2359 1893 2422 l'ide

323 2447 408 2500 suala
421 2451 490 2502 mut
496 2444 674 2522 probabiles.
1144 2455 1272 2516 dicenda
1287 2473 1317 2515 a.
1333 2452 1419 2516 510¹.

239 2519 299 2579 4⁰8
363 2531 389 2609 §.
416 2535 444 2594 3.
476 2537 589 2598 Notarrt
612 2545 693 2601 recte
723 2543 845 2603 Caram.
875 2547 906 2602 et
939 2542 992 2602 alii
1021 2561 1092 2604 oram
1415 2585 1572 2646 DUBIUM
1594 2585 1634 2645 Hp
1910 2569 1946 2630 pa

323 2623 425 2702 Rayn.
441 2626 472 2685 iu
489 2627 612 2709 duplic.
629 2651 703 2693 naara
722 2633 855 2696 libertat.
874 2651 910 2714 p.
925 2635 956 2695 2.
972 2653 996 2696 a.
1015 2635 1042 2714 ς.
1060 2638 1091 2698 7.
1295 2691 1300 2704 .
1398 2690 1403 2704 .
1485 2690 1490 2701 .
1639 2631 1646 2701 Ϊ
1705 2689 1711 2701 -

322 2733 410 2794 possa
425 2719 591 2798 aliquando
606 2723 675 2803 plus
689 2727 772 2787 credi
788 2726 972 2788 Arrotoribus
985 2745 1093 2788 recen·
1224 2693 1272 2754 ‘4⁷²
1289 2710 1319 2752 ²²²
1332 2689 1417 2752 ‘lum
1432 2697 1606 2771 tatwrpars
1617 2697 1656 2750 Μ
1667 2689 1831 2770 elmenda?

321 2807 415 2914 tibus,
429 2813 482 2890 qui
496 2832 563 2875 rem
575 2833 613 2876 ex
630 2817 777 2896 professo,
792 2825 823 2880 et
836 2820 1006 2880 accrrratius
1021 2838 1092 2880 exa·
1185 2821 1410 2901 „Respondem
1421 2817 1479 2886 Qui
1491 2817 1524 2878 in
1536 2818 1632 2879 dnbio
1646 2819 1828 2880 constitutus
1840 2827 1895 2900 post

322 2911 493 2982 minorant,
528 2925 623 2986 quam
659 2912 807 2990 antiquis,
845 2930 920 2973 narn
956 2919 1093 2974 recentes
1144 2914 1275 2992 diligens
1297 2931 1428 2974 examen
1460 2930 1492 2972 se
1517 2911 1625 2990 nequit
1654 2912 1819 2990 resolvere,
1845 2931 1895 2973 non

324 2991 441 3055 habent
451 2997 521 3074 boc,
535 3001 618 3080 quod
633 3019 690 3082 pro
702 3003 777 3082 ipsis
790 3003 960 3064 laborarint
976 3006 1096 3085 antiqui
1144 3011 1268 3067 tenetur
1280 3023 1402 3084 semper
1424 3003 1536 3080 eligere
1553 3009 1675 3082 partem
1684 3004 1840 3080 tutiorem,
1854 3004 1896 3064 sed

321 3089 352 3146 et
364 3087 499 3151 rationes
510 3109 578 3170 pra,
595 3098 626 3154 et
646 3100 752 3156 contra
772 3097 880 3157 saltem
893 3097 1091 3176 insinuarint,
1142 3103 1244 3178 potest
1253 3097 1397 3178 amplecti
1406 3101 1527 3176 partem
1535 3095 1692 3158 laventem
1705 3115 1771 3158 sue
1781 3095 1896 3158 libertati

322 3179 405 3282 unde
419 3199 491 3243 oum
515 3183 604 3246 iacile
624 3185 663 3247 sit
677 3187 810 3250 inventis
833 3190 956 3266 addere,
986 3209 1093 3252 recen-
1145 3189 1247 3272 (etiam
1262 3187 1677 3268 minustutamldummoda
1691 3189 1778 3251 sitin
1799 3207 1896 3271 possea

320 3275 415 3332 tiaras
439 3274 569 3338 ulterius
593 3285 738 3359 pergunt.
764 3281 810 3341 ibi
830 3282 1022 3362 incipientes,
1039 3283 1093 3346 ubi
1142 3283 1229 3344 sione
1243 3301 1307 3344 suae
1326 3281 1495 3356 libertatis;
1518 3281 1608 3360 juxta
1620 3281 1699 3342 illud
1711 3283 1850 3344 amoma:
1866 3281 1895 3343 lu

321 3364 441 3443 antiqui
473 3367 640 3444 desierunt,
683 3371 787 3452 sicque
814 3373 971 3452 videmus,
1008 3376 1090 3454 quod
1142 3374 1230 3436 dubio
1250 3373 1357 3436 melior
1370 3371 1553 3434 estcauditio
1562 3371 1746 3454 possidentis.
1762 3375 1897 3436 Retinet

320 3473 457 3520 sumessa
493 3463 642 3541 temporis
668 3465 844 3526 elucescant
877 3466 1033 3545 auritatae,
1063 3473 1094 3529 et
1142 3468 1296 3547 qsriatalis
1316 3485 1380 3528 non
1393 3466 1457 3545 agit
1475 3471 1604 3536 temera,
1627 3484 1700 3527 oum
1727 3473 1831 3529 utatru
1853 3487 1897 3529 sua

321 3549 505 3629 detegantur
531 3554 676 3618 falsitates
698 3558 833 3637 antiquis
853 3559 1029 3637 incognitas,
1056 3566 1092 3621 ut
1142 3560 1294 3634 libertate,
1331 3559 1413 3638 quod
1446 3557 1543 3619 atrivis
1567 3557 1649 3633 lieet,
1678 3560 1825 3638 quamdiu
1845 3579 1896 3622 non

321 3648 404 3723 patet
427 3663 465 3706 ex
479 3645 568 3709 dietis
590 3667 619 3712 a.
635 3649 705 3713 ael.
727 3669 802 3712 nam
820 3651 957 3733 temporis
971 3650 1039 3733 filia
1051 3659 1093 3712 est
1143 3656 1263 3713 constat
1274 3671 1338 3713 esse
1352 3670 1388 3712 ea
1402 3651 1568 3730 privatum,
1581 3668 1654 3711 cum
1668 3669 1749 3724 eam,
1767 3659 1803 3714 ut
1813 3657 1897 3714 cetera

320 3736 441 3814 peritas,
471 3739 575 3820 inquit
607 3741 716 3804 Cicero
746 3742 766 3805 l.
802 3745 831 3806 2.
872 3745 911 3807 de
941 3745 1090 3808 Oratore:
1143 3751 1270 3806 externa
1296 3743 1378 3804 bona
1402 3743 1564 3824 possideat.
1590 3741 1786 3824 Proindeque
1799 3745 1896 3806 volenti

320 3827 532 3909 ideoquedicit
556 3833 734 3910 Quintilian.
758 3835 1092 3898 atatemauliamaliam
1142 3837 1364 3916 obligationem
1383 3837 1555 3915 imponere,
1567 3851 1638 3913 quae
1646 3835 1789 3898 libertate
1801 3837 1895 3918 privat,

319 3922 457 3984 nascendi
469 3932 547 3987 sorte
569 3924 622 3987 baa
639 3945 696 3988 esse
708 3925 882 4007 feliciorem,
903 3937 939 3990 ut
959 3931 1093 3990 saieru-
1141 3930 1295 3990 incumbit
1327 3927 1468 4009 probatio
1509 3926 1708 4004 obligationis
1749 3934 1896 3990 mnnacta

320 4012 431 4076 utenda
465 4018 585 4098 priores
623 4039 719 4081 omues
746 4020 965 4082 allaborarent.
1004 4022 1093 4096 Quod
1137 4023 1227 4103 juxta
1250 4023 1320 4102 dep.
1340 4024 1386 4082 tt.
1404 4039 1434 4081 a.
1451 4021 1479 4080 6.
1504 4019 1691 4098 Nequehuie
1715 4019 1896 4102 responsioni

320 4113 426 4170 autem
452 4109 538 4171 addit
565 4113 686 4176 Caram.
714 4113 855 4192 juniores
879 4113 1093 4176 subtilioribus
1141 4115 1241 4176 obstat
1265 4114 1388 4175 axioma
1414 4112 1617 4188 contrarium,
1643 4111 1683 4172 Iu
1709 4111 1797 4174 dubia
1820 4113 1896 4174 artur

320 4199 453 4279 ingeniis
466 4204 612 4282 praeditos
627 4223 691 4266 esse
717 4222 813 4285 quam
836 4212 966 4282 ueteres,
993 4225 1030 4267 ex
1055 4225 1091 4268 eo
1141 4212 1188 4268 cria
1202 4215 1244 4268 est
1266 4204 1422 4286 elipando:
1452 4203 1526 4284 quia
1552 4204 1584 4265 id
1606 4203 1802 4284 intelligitur,
1825 4206 1849 4266 si
1866 4223 1898 4267 ex

320 4293 465 4372 probans,
489 4296 563 4376 quia
575 4297 713 4378 eorporis
726 4299 820 4372 mole,
838 4304 868 4360 et
880 4299 1000 4360 viribus
1020 4304 1093 4360 stant
1141 4318 1206 4360 una
1215 4305 1301 4380 parte
1316 4299 1354 4359 sit
1367 4296 1510 4370 dubium,
1526 4313 1566 4357 ex
1580 4297 1678 4358 altera
1690 4303 1820 4372 certum,
1835 4313 1896 4358 tuuc

321 4385 468 4464 minores,
483 4388 543 4449 hoc
557 4390 622 4451 sola
632 4391 838 4467 enarratione,
859 4397 990 4470 tumque
1003 4397 1091 4452 muto
1139 4392 1220 4454 hano
1232 4409 1297 4453 esse
1315 4390 1504 4470 eligendam
1525 4389 1608 4468 quod
1623 4389 1649 4450 si
1661 4395 1765 4452 autem
1779 4396 1895 4470 utraque

320 4475 441 4539 silentio
460 4478 660 4543 refutandum
673 4488 728 4560 est,
744 4482 845 4563 inquit
859 4483 968 4546 Gonet.
1141 4503 1213 4566 pars
1241 4489 1306 4546 tuta
1336 4484 1385 4559 sit,
1421 4481 1544 4542 axioma
1574 4482 1747 4544 universim
1775 4503 1836 4544 uon
1859 4490 1896 4543 at

235 4590 295 4652 469
359 4571 386 4649 §-
404 4573 434 4633 i.
449 4573 626 4635 Notandum
642 4575 735 4637 etiem
749 4576 801 4637 bio
815 4577 970 4637 monitum
985 4576 1090 4637 Dianae
1139 4577 1297 4658 precepti,
1313 4575 1367 4638 sed
1382 4574 1511 4643 consilii,
1538 4574 1664 4636 utNav.
1691 4576 1803 4637 Saneb.
1826 4577 1892 4636 Bnu.

317 4681 375 4743 par
401 4667 449 4726 lt).
472 4673 529 4727 tur.
549 4668 597 4728 lt.
625 4667 659 4728 n.
687 4669 737 4728 56.
765 4668 820 4749 qui
839 4687 912 4730 cum
936 4667 1091 4730 retulisset
1138 4678 1161 4731 t.
1178 4671 1207 4731 i.
1220 4668 1250 4730 d.
1266 4671 1297 4730 2.
1313 4689 1342 4750 q.
1357 4671 1387 4728 4.
1394 4686 1429 4749 p.
1443 4669 1473 4728 9.
1490 4687 1520 4728 u.
1535 4667 1585 4729 il.
1602 4667 1710 4748 Laym.
1726 4668 1744 4731 l.
1765 4668 1857 4730 tat.
1871 4686 1892 4727 s.

319 4755 437 4836 aliquas
460 4759 621 4839 opiniones
645 4762 864 4838 recentiorum,
904 4761 947 4822 sia
974 4760 1088 4838 subdit,
1139 4765 1166 4826 a.
1190 4762 1217 4842 ἓ.
1236 4764 1266 4822 l.
1283 4761 1350 4824 Fill.
1365 4780 1396 4822 a.
1411 4761 1467 4820 lar
1479 4765 1511 4821 et
1526 4760 1595 4821 leo.
1615 4805 1636 4837 „

318 4859 459 4929 squama
473 4870 523 4932 epo
537 4851 874 4929 intemeratarum,
895 4872 960 4935 qua
972 4853 1089 4914 aavita·
1180 4902 1201 4934 „
1216 4855 1311 4916 Porro
1335 4872 1392 4935 pro
1406 4851 1514 4931 regula
1535 4853 1754 4932 cognoscendi,
1776 4853 1840 4933 qais
1862 4850 1893 4911 sit

320 4948 381 5004 tum
415 4944 594 5008 amatoribus
616 4945 705 5008 uimis
729 4945 907 5028 plausibilia
932 4955 1033 5022 esseut,
1063 4946 1090 5009 si
1138 4966 1304 5030 possessor,
1340 4944 1564 5009 attendendum
1599 4952 1646 5008 est
1672 4965 1730 5026 pro
1757 4965 1816 5028 quo
1845 4947 1894 5006 stet

351 5141 362 5192 t
383 5141 562 5196 Probabilisuus
576 5143 678 5196 doctam
692 5157 750 5196 nora
769 5157 814 5197 noa
828 5148 871 5196 est.
887 5146 944 5196 lats
957 5143 1091 5196 Protestan·
1140 5144 1186 5198 call
1199 5147 1253 5194 sunt
1269 5143 1292 5193 ln
1314 5140 1463 5196 haesitatio
1477 5138 1591 5206 aliquibus
1603 5139 1665 5201 aliis,
1681 5140 1788 5192 amaras
1798 5136 1893 5191 omnis

297 5263 300 5268 .
317 5219 377 5270 tisud
391 5223 492 5286 tempora
510 5221 636 5273 communis
662 5220 762 5272 omnium
783 5224 833 5272 erat
844 5220 919 5287 quoad
932 5219 1089 5272 substantiam.
1140 5219 1195 5272 rari.
1209 5219 1259 5280 Qua
1273 5217 1301 5270 de
1314 5231 1393 5280 musa,
1407 5217 1431 5268 iu
1445 5215 1523 5269 Galliis
1547 5217 1683 5283 prasertim,
1699 5215 1892 5284 penituisse

317 5295 395 5355 Quoad
409 5298 504 5350 laruam
530 5313 584 5350 vero
609 5297 767 5350 scholasticam
794 5298 817 5348 iu
837 5297 865 5348 P.
881 5296 980 5360 Medica,
1005 5295 1091 5348 ordinis
1139 5293 1238 5361 rigebat,
1262 5307 1306 5345 non
1337 5305 1403 5345 serm
1416 5307 1443 5344 ac
1456 5290 1499 5343 alia
1513 5292 1596 5358 placila
1615 5305 1665 5358 qna
1690 5292 1778 5358 qnidam
1803 5293 1892 5342 idm

316 5373 495 5426 Praedicatorum
510 5375 574 5426 ltlt
593 5375 697 5442 apparuit
709 5386 776 5439 quarn
796 5376 887 5425 mantus
900 5377 935 5424 est
947 5373 975 5424 li.
991 5373 1088 5424 Banasa
1140 5371 1252 5424 rorabant
1264 5369 1390 5422 loctunam
1403 5368 1409 5418 l
1425 5370 1466 5420 Ast
1480 5367 1548 5418 badia
1562 5368 1672 5434 mulsum
1683 5381 1761 5419 racem
1772 5366 1819 5418 hae
1830 5365 1891 5428 altu

315 5450 449 5502 lauseuista
458 5463 523 5513 uero,
538 5451 576 5516 qui
591 5449 702 5502 lambant
712 5450 796 5514 aliqua
806 5449 923 5500 mandata
937 5449 982 5500 Dei
995 5449 1088 5514 impes·
1139 5447 1259 5514 depellitor
1282 5451 1305 5498 al
1317 5459 1371 5496 vera
1385 5443 1450 5496 uallis
1464 5442 1537 5496 reddit
1551 5457 1579 5496 so
1592 5443 1687 5510 mtiqaa
1703 5443 1810 5496 dullino.
1824 5441 1891 5504 llum

317 5525 399 5578 sibilia
421 5540 483 5588 esse,
515 5525 558 5592 ipsi
573 5525 717 5578 intensissimi
730 5525 795 5577 tuero
818 5539 885 5591 quau
896 5539 937 5591 pro
951 5525 997 5576 flue
1009 5523 1092 5575 babeat
1139 5521 1289 5590 prosequendi
1304 5519 1372 5572 laude
1385 5520 1423 5586 qul
1437 5521 1461 5570 in
1473 5518 1516 5571 bac
1530 5519 1658 5572 revocanda
1673 5519 1812 5580 insudnuot,
1825 5531 1849 5569 u
1858 5527 1891 5581 pu

317 5601 427 5654 ruoralcm
442 5600 586 5654 christianam
599 5602 622 5653 iu
637 5599 714 5653 multis
727 5599 851 5653 dulciorem
874 5599 956 5651 iacere.
972 5600 1034 5659 Quas
1048 5613 1086 5650 se·
1139 5597 1279 5663 sequelam
1293 5596 1339 5664 pati
1355 5594 1498 5661 digutbabiti
1512 5599 1573 5647 suat.
1623 5595 1699 5662 (Edit.
1713 5593 1773 5660 aot.)
