3944 6350
352 401 410 460 118
1001 383 1113 444 LIBER
1133 381 1278 442 PRIMUS

352 562 670 632 excommunicatione
682 558 752 619 latae
760 553 930 627 sententiaa,
947 547 1022 629 quid
1035 547 1121 609 enim
1169 549 1253 612 idem
1267 549 1568 629 estquodpraecipt0‚
1581 547 1628 608 uti
1638 546 1792 610 1901111115,
1802 545 1904 610 1111,

353 658 480 724 obstet?
501 675 574 735 ergo
596 652 714 732 aliquid
736 667 821 710 mere
842 647 1002 708 internum
1020 641 1122 721 potuit
1169 644 1293 704 66611.
1309 647 1416 704 contra
1427 641 1516 704 tzor,

353 751 512 836 prohiberi
525 748 582 810 sub
598 765 635 808 ea
647 763 750 824 poena,
764 760 837 820 ergo
850 757 906 822 per
918 737 1019 815 legem
1033 751 1120 794 6666-
1209 737 1269 816 51.
1285 737 1389 800 Verba
1402 735 1586 818 praeceptiva
1596 753 1661 798 666
1668 753 1788 814 semper
1794 734 1908 796 indicant
1923 745 1955 802 111

354 848 450 908 tivam
463 841 619 904 coactione
632 838 766 898 interna.
1170 837 1361 912 praeceptum
1377 830 1549 910 perlectum
1566 829 1707 908 obligans
1719 827 1774 889 snb
1793 828 1908 900 mortali,
1969 851 1971 918 ι

272 930 332 992 654
395 920 1124 1017 16.1611666666666111666661166661116666
1170 925 1307 986 attrecta·
1323 925 1408 985 Lcss.
1428 923 1459 984 ie
1473 930 1551 985 auct.
1570 941 1600 984 v.
1626 921 1797 1002 Relt‘piosuc,
1820 940 1870 982 cos.
1887 923 1909 982 1.
1969 937 1971 988 ÷

355 1049 419 1094 uon
445 1034 546 1110 potest
572 1024 755 1104 precipere,
781 1017 831 1078 vel
853 1012 1017 1094 prohibere
1037 1015 1123 1070 actus
1170 1037 1202 1080 rt.
1218 1022 1248 1082 8.
1265 1019 1318 1094 Sa,
1334 1017 1428 1078 etalii
1440 1018 1524 1096 apud
1538 1017 1636 1078 (16616.
1651 1013 1682 1076 d.
1699 1016 1729 1076 1.
1739 1034 1774 1095 p.
1789 1017 1818 1076 9.
1831 1033 1875 1076 66.
1887 1017 1909 1076 t.
1969 1005 1970 1032 ³

355 1141 440 1186 mera
450 1122 600 1194 internos,
612 1117 803 1176 benetemcn
818 1107 941 1169 mixtos.
956 1102 1123 1180 116116161-
1170 1113 1317 1172 Attamen
1331 1110 1472 1186 verbum,
1499 1108 1593 1183 deget,
1615 1107 1728 1180 ,pm
1744 1108 1913 1170 ,omnim

355 1235 414 1278 mre
430 1215 525 1294 partis
546 1218 606 1287 est,
626 1208 699 1288 quia
711 1206 807 1266 homo
821 1219 887 1262 nou
902 1202 1003 1276 potest
1016 1213 1071 1275 per
1090 1212 1122 1254 se
1171 1200 1318 1280 importat
1322 1199 1720 1279 praereptumquandoque
1729 1203 1831 1260 tamen
1842 1196 1913 1258 61166

354 1325 551 1388 cognoscere,
573 1323 631 1364 nec
647 1301 803 1380 judicare,
820 1313 879 1355 666
896 1290 1007 1370 punire
1019 1292 1122 1348 actum
1170 1299 1294 1354 tantum
1310 1292 1492 1366 decentiam,
1508 1298 1563 1354 ,ut
1576 1291 1688 1352 melius
1708 1309 1791 1352 esse,
1806 1290 1854 1352 ,ed
1865 1309 1914 1352 w„

355 1419 440 1464 mere
453 1401 627 1466 internum,
649 1411 722 1470 ergo
742 1389 912 1467 necpotest
925 1398 998 1444 eum
1012 1377 1121 1460 praeci·
1171 1385 1266 1462 bum,
1284 1393 1410 1466 oportet,
1430 1403 1496 1446 non
1513 1385 1660 1464 importat
1675 1383 1857 1464 imperium,
1875 1383 1914 1444 sot
1969 1389 1970 1432 3

354 1515 438 1576 pere,
455 1498 510 1554 661
525 1487 688 1569 probibere
701 1484 769 1558 lege
783 1486 909 1542 externe
923 1473 1069 1549 coactiva,
1083 1472 1123 1532 ad
1171 1478 1390 1555 honestatem,
1415 1484 1446 1539 0,
1474 1477 1737 1552 gonveffigngm
1764 1477 1810 1538 uf,
1830 1475 1915 1536 ,opum
1969 1499 1971 1550 ,

355 1606 449 1669 quam
475 1583 645 1663 requiritur
673 1594 760 1655 posse
787 1572 923 1634 exterius
949 1584 1058 1646 cogere
1083 1563 1123 1626 ad
1174 1571 1265 1632 Sim,
1287 1571 1400 1632 ganoh,
1429 1576 1461 1632 gt
1478 1569 1556 1645 anfi,
1581 1570 1738 1631 sednon„
1751 1567 1915 1630 Dupoisf,
1969 1579 1971 1644 ἓ

355 1679 612 1752 observationem,
629 1670 811 1733 convincere
821 1665 859 1724 de
869 1659 1122 1739 transgressione,
1173 1663 1284 1724 motivo
1299 1662 1383 1743 juris
1402 1671 1463 1724 art.
1481 1663 1510 1723 5.
1526 1666 1558 1724 ct
1571 1663 1711 1724 adductis
1731 1661 1917 1741 exemplisde
1969 1665 1970 1728 T

355 1791 486 1852 eamque
504 1768 633 1850 punire:
654 1769 684 1825 et
704 1763 764 1823 1166
783 1762 907 1819 tantum
925 1754 991 1815 vuli
1009 1754 1041 1814 S·
1062 1751 1121 1810 Th·
1172 1762 1425 1817 monstratvoces
1445 1755 1512 1816 illas
1533 1763 1668 1828 1666166,
1691 1760 1824 1835 oportet,
1842 1751 1915 1824 delet,
1969 1739 1971 1812 l

355 1888 387 1930 n.
403 1868 462 1927 619
485 1863 609 1926 relatus.
627 1857 714 1920 [letto
722 1851 864 1914 secundae
875 1848 970 1928 partis
979 1851 1034 1922 cst,
1050 1843 1124 1924 quia
1173 1849 1339 1928 aliquando
1362 1849 1528 1928 importare
1557 1847 1699 1910 debitum
1728 1846 1826 1908 stricti
1843 1845 1917 1924 juris,
1969 1813 1971 1896 1

356 1958 498 2040 quamvis
531 1960 616 2015 actus
642 1950 797 2020 internus,
826 1948 857 2004 et
881 1946 1042 2014 externus,
1071 1936 1126 2018 qui
1174 1941 1339 2020 aliquando
1367 1941 1461 2002 solius
1485 1941 1654 2014 decentia,
1692 1945 1725 2002 et
1756 1938 1917 2000 honestatis:
1969 1935 1971 1990 l

357 2051 548 2114 constituunt
557 2040 773 2118 mixtum,sint
781 2033 1012 2114 inseparabiles
1021 2037 1125 2092 166166
1174 2040 1264 2114 putat
1272 2039 1378 2096 tamen
1393 2033 1434 2094 Sa
1448 2051 1475 2094 v.
1492 2032 1551 2101 lec,
1565 2034 1592 2094 si
1605 2033 1722 2112 161636
1735 2030 1921 2094 Mlaundos

357 2145 457 2226 posito
471 2147 540 2202 actu
552 2142 680 2200 externo
691 2131 860 2213 prudenter
866 2124 1015 2207 praesumi
1027 2130 1127 2203 potest
1174 2126 1305 2200 dicatur,
1317 2131 1481 2199 teneantur,
1498 2125 1548 2188 vel
1559 2125 1767 2207 precipimus,
1782 2123 1920 2204 signifiare·

358 2237 462 2298 adesse
479 2233 573 2295 etiam
593 2230 763 2294 internum,
784 2241 815 2282 v.
835 2239 882 2299 gr.
898 2217 998 2298 posito
1027 2215 1128 2278 homi-
1175 2219 1395 2298 obligationem
1407 2237 1545 2298 gravem.

358 2330 438 2392 cidio
461 2325 630 2408 prudenter
650 2314 847 2398 presumitur
865 2310 997 2372 adfuisse
1019 2310 1129 2370 volun·
1216 2311 1234 2390 ᾗ
1249 2313 1277 2372 3.
1291 2311 1323 2372 Si
1337 2310 1371 2372 in
1387 2311 1569 2390 imperativo
1586 2311 1718 2382 (1166161,
1739 2309 1801 2390 sac,
1819 2307 1919 2375 walp,
1939 2318 1962 2353 a

359 2428 454 2484 tatem
485 2413 662 2489 occidendi,
687 2410 747 2471 nisi
766 2407 870 2486 aliqua
898 2401 1128 2464 circumstantia
1176 2402 1378 2480 cante-item
1398 2411 1530 2477 caveant,
1556 2401 1724 2464 abstineant
1736 2421 1847 2464 omncs.
1860 2419 1922 2462 666

359 2513 444 2576 aliud
458 2511 595 2581 suadeat,
604 2507 798 2584 crgoexactu
811 2494 1129 2559 externosufficientar
1176 2494 1294 2569 cudent,
1311 2496 1403 2574 [16161.
1427 2495 1527 2556 etalii
1540 2495 1646 2556 dicunt
1659 2513 1726 2556 non
1745 2494 1817 2556 ideo
1829 2495 1922 2573 impor-
1969 2519 1970 2528 2

359 2611 460 2689 potest
487 2600 630 2682 cognosci
657 2598 817 2668 internus,
851 2597 882 2650 61
908 2593 1129 2666 consequenter
1177 2589 1235 2650 tari
1263 2588 1495 2667 obligationem.
1525 2590 1601 2650 Nar.
1632 2587 1691 2665 Sa,
1721 2589 1813 2668 Sayr.
1840 2587 1923 2648 (116661
1969 2643 1971 2660 ‚

360 2701 479 2762 ratione
493 2692 613 2758 externi
627 2689 740 2768 poterit
750 2682 892 2765 judicari,
911 2699 948 2742 ac
963 2681 1077 2759 puniri.
1177 2681 1337 2761 importari
1343 2681 1444 2744 levem
1456 2703 1463 2742 :
1475 2682 1589 2744 rectius
1595 2681 1792 2744 dicitSauch.
1805 2681 1923 2742 6166166

276 2797 335 2856 655
400 2792 462 2870 §7.
478 2790 568 2850 Nunc
579 2783 667 2846 166116
680 2786 726 2842 est
740 2775 926 2857 respondere
939 2773 978 2834 ad
994 2772 1130 2836 rationes
1177 2793 1243 2836 esse
1269 2774 1424 2852 regionis,
1444 2775 1478 2836 in
1502 2793 1564 2854 qua
1589 2774 1641 2834 lex
1661 2773 1774 2848 161161,
1803 2771 1924 2852 loquendi

360 2884 468 2964 primae
482 2872 857 2951 6661661166,661611111.
878 2869 1128 2945 6111616116-
1178 2867 1416 2928 consuetudini:
1448 2872 1595 2946 notatque
1618 2866 1715 2928 etiam
1737 2867 1830 2928 Gard.
1858 2866 1884 2926 tn
1902 2867 1922 2926 1,

362 2976 470 3055 pensio
484 2971 643 3034 exiliatis:
662 2965 746 3045 qu'od
765 2967 870 3024 autem
886 2959 938 3020 lex
950 2977 1079 3020 manens
1095 2959 1129 3018 in
1179 2958 1251 3020 cresi
1264 2958 1296 3019 d.
1313 2961 1361 3020 13.
1377 2961 1469 3021 616.
1486 2959 1570 3038 quod
1583 2959 1634 3020 lex
1654 2959 1782 3038 scripta,
1804 2975 1924 3038 (166666

360 3074 464 3130 menta
479 3060 659 3145 legislatoris
673 3076 737 3118 non
751 3055 974 3134 obligetcausa
984 3058 1040 3122 est,
1056 3051 1130 3130 quia
1178 3051 1325 3131 importat
1342 3051 1436 3112 verba
1457 3059 1539 3113 certo
1559 3052 1768 3131 praeceptiva,
1796 3052 1834 3112 sit
1851 3051 1924 3110 inter-

361 3151 702 3222 deestilliordinatioad
712 3147 861 3222 subditos,
872 3143 1126 3224 etprcmulgatio,
1178 3144 1328 3222 protende
1345 3143 1436 3222 juxta
1456 3144 1723 3220 consuetudinem,
1747 3162 1792 3204 an
1811 3140 1926 3204 ridelicet

360 3273 430 3334 quae
448 3258 521 3314 sunt
539 3249 577 3309 da
598 3244 729 3308 essentia
744 3240 839 3314 illiue,
863 3237 912 3297 vel
927 3235 1130 3298 essentialiter
1177 3237 1266 3298 solita
1279 3236 1318 3297 sit
1331 3236 1489 3298 observari
1503 3242 1654 3316 tanquam
1669 3236 1863 3316 obligatoria,
1875 3241 1926 3294 166

360 3345 573 3424 requiruntur.
594 3339 655 3400 Ad.
681 3337 711 3396 1.
742 3329 907 3410 Disparitas
934 3334 980 3389 est
999 3330 1037 3389 de
1061 3329 1128 3404 lege
1177 3330 1261 3390 enim
1283 3329 1489 3392 certissimum
1512 3337 1559 3391 est
1579 3329 1737 3406 obligare:
1761 3329 1845 3410 quod
1861 3327 1925 3388 side

360 3437 453 3512 civili,
481 3436 548 3496 haec
574 3431 657 3492 euim
679 3445 744 3487 non
770 3422 908 3502 procedit
935 3440 954 3481 a
980 3427 1128 3500 potestate
1177 3423 1473 3484 consuetudinenon
1487 3423 1925 3503 66661616616136661161166-

360 3528 528 3610 spirituali,
570 3541 628 3586 nec
651 3517 784 3581 intendit
812 3516 931 3577 bonum
969 3514 1128 3591 spirituale
1176 3515 1438 3576 dcndumessead
1452 3516 1627 3588 materiam,
1647 3533 1720 3594 quae
1733 3516 1760 3576 si
1773 3513 1925 3592 16611136-

359 3621 504 3695 bominis,
525 3632 667 3678 neceam
686 3610 791 3688 dirigit
812 3608 851 3669 ad
871 3607 967 3668 finem
983 3625 1129 3684 superna·
1176 3608 1232 3684 vis,
1256 3613 1359 3669 censet
1381 3607 1601 3686 obligationem
1624 3607 1691 3668 fore
1718 3625 1863 3687 gravem,
1886 3603 1925 3664 sed

359 3715 503 3788 tmalem,
517 3711 571 3772 sed
583 3713 705 3768 tantum
719 3708 858 3764 versatur
865 3701 945 3762 61166
958 3700 1126 3778 politicam,
1176 3699 1299 3762 videtur
1309 3701 1492 3772 tenendum,
1517 3700 1601 3779 quod
1618 3700 1760 3762 dicemus
1773 3699 1923 3760 6661611.

360 3816 390 3870 61
403 3814 563 3870 externam
581 3797 837 3882 gubernationem
851 3815 859 3869 ;
878 3798 1030 3868 econtra,
1045 3792 1129 3872 logos
1216 3794 1276 3872 §t
1285 3793 1659 3868 ludecretisPontificum,
1668 3791 1924 3861 velConciliorum,
1942 3800 1954 3837 r-

360 3898 575 3962 Ecclesiasiicae
597 3892 702 3954 omnia
724 3887 864 3969 opposita
881 3885 1066 3961 intendunt,
1089 3886 1128 3945 ad
1178 3885 1232 3946 ubi
1251 3885 1381 3946 materia
1395 3892 1441 3946 est
1459 3885 1582 3964 316116,
1599 3884 1814 3946 communiter
1832 3883 1924 3962 impor-

359 4012 429 4074 quae
441 3990 577 4054 maxime
586 3988 712 4067 juvant,
730 4001 765 4042 ao
778 3979 940 4042 necessarii
955 3982 1028 4038 sunt
1041 3983 1127 4038 actus
1178 3982 1261 4039 tatur
1274 3977 1421 4056 obligatio
1435 3977 1547 4056 gravia,
1563 3977 1607 4039 sic
1616 3977 1704 4040 enirn
1718 3977 1802 4038 Trid.
1816 3975 1924 4037 666111.

358 4085 484 4147 intend.
518 4083 568 4143 Ad
596 4083 625 4140 3.
660 4074 806 4142 Quamvis
833 4077 965 4150 potestas
990 4070 1128 4132 humana
1176 4090 1203 4130 e.
1226 4074 1255 4130 7.
1274 4071 1473 4149 perverbum
1486 4070 1573 4146 illud,
1593 4067 1800 4150 Confitentur,
1815 4067 1925 4148 graviter

358 4180 461 4240 ferens
479 4177 595 4254 legem,
618 4189 688 4250 quae
707 4165 864 4229 concernit
887 4162 1125 4238 conscientiam,
1175 4160 1925 4243 61661611866611611611116666616166161161161

358 4271 466 4332 tendat
489 4269 528 4330 ad
556 4270 642 4327 actus
665 4263 819 4332 internos,
843 4258 944 4318 adhuc
969 4261 1128 4316 exercetur
1176 4256 1255 4317 6116
1275 4255 1394 4316 (1616616
1417 4254 1598 4316 Confessarii
1612 4255 1708 4316 etiam
1721 4260 1792 4334 post
1817 4252 1925 4316 61161166

359 4363 498 4424 humano
513 4359 624 4430 modo,
646 4373 710 4416 non
726 4351 859 4414 sistendo
873 4349 999 4428 quidem
1012 4348 1046 4408 16
1066 4348 1128 4408 fine
1176 4348 1395 4410 contritionem
1406 4346 1605 4410 celebraverit
1614 4347 1732 4426 absque
1741 4345 1924 4409 (1661666666

359 4457 513 4530 humano,
529 4470 583 4512 666
593 4446 741 4522 naturali,
759 4444 813 4504 scd
823 4442 973 4522 juvando,
991 4447 1022 4502 et
1040 4441 1128 4519 quasi
1176 4441 1280 4502 statim
1293 4445 1398 4520 postea
1410 4441 1603 4503 confiteatur.

360 4546 509 4610 elevando
525 4541 684 4605 hominem
706 4555 799 4616 supra
816 4554 867 4603 se,
883 4553 919 4595 eo
933 4534 1017 4613 quod
1038 4532 1127 4594 illum
1215 4535 1244 4612 ᾗ.
1261 4535 1289 4595 5.
1303 4536 1341 4594 In
1355 4533 1460 4606 dubio,
1486 4552 1526 4594 an
1538 4533 1634 4595 verba
1648 4539 1841 4613 praeceptum
1851 4527 1927 4594 mnf,
1945 4532 1951 4569 π

360 4641 472 4720 dirigat
484 4637 524 4698 ad
535 4637 618 4697 bona
633 4639 758 4704 aeterna,
773 4635 804 4690 et
817 4625 1079 4708 supernaturalia,
1093 4626 1127 4686 in
1175 4631 1282 4702 neant,
1310 4627 1360 4688 vel
1386 4627 1549 4688 consilium
1575 4631 1712 4700 tantum,
1736 4623 1925 4686 6616616116-

360 4722 817 4812 q1¹011ihilesi⁰011vessieniiffi
1176 4720 1296 4780 tionem
1322 4719 1495 4798 reputanda
1530 4724 1603 4779 6661
1629 4718 1791 4780 continere
1825 4719 1925 4776 tantm

275 4837 335 4898 656
402 4825 437 4899 0.
459 4808 1128 4896 ’1011611611661166116616166666616
1177 4812 1351 4878 consilium,
1386 4817 1440 4872 aut
1464 4810 1714 4872 exhortationem
1721 4830 1730 4887 ;
1762 4803 1926 4872 similiters'

361 4915 526 4998 1191111111·
543 4931 627 4992 seqq·
1177 4904 1272 4966 verba
1292 4905 1369 4983 legis
1384 4904 1527 4984 spectatis
1549 4903 1697 4965 omnibus
1711 4895 1926 4965 circumstantiis

398 5009 464 5088 §b
490 5003 668 5068 Communis
693 5008 739 5062 est
761 4998 926 5070 sententia,
952 4995 1036 5074 quod
1060 4995 1128 5055 baec
1176 4995 1308 5075 intelligi
1342 4997 1460 5076 possint
1486 4997 1525 5057 de
1552 4995 1742 5075 obligatione
1777 4994 1844 5066 levi,
1875 5007 1927 5050 non

358 5101 463 5176 rerba,
477 5097 632 5181 precepto,
648 5096 775 5175 r'mpcro,
791 5090 891 5173 jubeo,
903 5087 1062 5170 prohibeo,
1080 5089 1127 5148 16-
1177 5089 1292 5150 debent
1300 5089 1426 5150 extendi
1434 5089 1471 5149 ad
1483 5105 1622 5168 gravem,
1635 5088 1821 5150 utiffiximus
1829 5104 1860 5148 n.
1868 5083 1923 5144 596.

357 5193 484 5270 terdico,
503 5192 529 5252 si
542 5189 671 5251 materia
684 5188 724 5248 sit
737 5185 854 5265 gravis,
870 5183 1040 5262 importent
1053 5179 1129 5240 obli·
1177 5182 1411 5243 Advertendum
1434 5186 1481 5242 est
1494 5182 1599 5257 etiam,
1626 5181 1712 5260 qnod
1738 5170 1927 5242 Auaoresab

356 5287 513 5365 gationem
527 5299 667 5363 gravem:
684 5280 737 5340 illa
751 5283 867 5353 autem,
882 5273 1025 5346 volumus,
1041 5272 1127 5334 ordi-
1177 5274 1302 5352 quando
1323 5273 1427 5334 dicant
1445 5273 1564 5353 aliquid
1583 5291 1650 5334 asse
1663 5291 1761 5353 grave
1777 5273 1923 5352 pecatum

356 5395 476 5454 666166,
492 5379 652 5446 mactmus,
672 5371 845 5445 statuimus,
859 5385 915 5448 per
929 5384 962 5428 se
980 5383 1050 5426 eam
1063 5384 1128 5426 nou
1178 5383 1236 5427 666
1249 5371 1354 5427 nmen
1376 5366 1447 5428 ideo
1467 5365 1642 5446 intelligant
1655 5383 1722 5428 6666
1734 5361 1866 5438 mortale,
1890 5353 1925 5418 uti

355 5470 539 5549 importent,
560 5485 631 5528 cum
651 5466 712 5527 sint
725 5460 933 5525 indifferentia
952 5459 992 5520 ad
1013 5459 1126 5536 legem,
1177 5457 1311 5534 Lessius,
1340 5457 1508 5521 1666616.
1531 5457 1640 5520 Socer.
1655 5458 1728 5520 lesu
1743 5476 1797 5520 cos.
1812 5459 1839 5515 1.
1854 5471 1880 5514 a.
1899 5447 1921 5506 1

355 5560 536 5639 consilium,
556 5555 822 5631 exhortationem,
842 5551 1001 5632 regulam:
1019 5549 1127 5611 Mundo
1178 5550 1319 5629 Denique
1340 5550 1367 5610 si
1399 5549 1493 5612 verba
1525 5549 1701 5630 significent
1727 5544 1923 5627 obligationem
