3946 6344
680 403 792 466 nisan
815 401 1017 466 snouuuus
1355 481 1363 489 ¹
1583 411 1641 472 eu

76 575 140 629 tua:
161 565 265 628 Anima
278 584 348 628 mea
361 574 416 630 tua
430 569 480 647 sit,
497 587 553 632 nec
567 571 650 632 vivat
663 571 750 634 alteri
764 571 824 632 nisi
873 588 1024 646 summus,
1048 573 1082 633 in
1105 575 1254 654 sapientia
1268 575 1500 654 inestimabilis,
1516 575 1550 636 in
1566 593 1641 638 con-

75 659 131 736 tibi,
155 657 291 720 voluntas
314 667 458 724 mentua
480 664 528 732 sit,
553 683 610 726 nec
633 665 823 744 umetqnid-
872 663 947 724 siliis
969 665 1124 743 terribilis,
1149 669 1183 728 in
1201 667 1325 745 judiciis
1341 669 1455 748 justus,
1476 670 1510 730 in
1528 669 1643 748 cogita-
1762 703 1766 722 ι

75 769 155 831 pam
178 752 236 812 nisi
259 757 313 814 te:
335 771 426 815 amor
450 774 539 817 meus
561 762 635 817 tuus
652 757 702 833 sit,
719 760 822 819 necin
873 757 1007 818 tionibus
1026 765 1173 838 secretus,
1197 761 1230 821 in
1245 761 1346 821 verbis
1366 780 1468 837 verus,
1486 761 1519 823 in
1540 763 1643 842 operi-

73 843 143 904 sliud
162 842 276 905 leretur
295 863 391 924 quam
404 848 437 908 in
462 854 503 917 te,
519 849 590 928 quia
605 867 696 910 nemo
712 850 823 927 dignus
872 848 931 910 hus
954 858 1087 927 sanctus,
1112 853 1146 913 in
1169 853 1377 914 misericordia
1399 855 1549 934 copiosus,
1569 871 1644 934 erga

62 941 118 1004 cst,
139 935 194 996 nisi
208 941 242 996 tn
257 937 354 1015 solus;
378 939 550 1004 intellectus
569 959 656 1002 meus
677 947 750 1003 tuus
771 943 820 1022 sit,
872 951 1046 1021 peccatores
1074 945 1203 1024 patiens,
1241 947 1425 1026 poenitentes
1454 947 1533 1026 pius.
1561 945 1640 1008 Led.

72 1045 119 1088 nec
130 1027 207 1088 alind
220 1029 334 1108 cogitet
352 1032 414 1092 nisi
432 1039 477 1108 te;
493 1034 596 1094 omnis
608 1034 739 1096 intentio
753 1054 823 1098 mea
875 1029 1000 1102 Grcuct,
1024 1032 1047 1093 t.
1069 1035 1100 1094 9.
1117 1053 1235 1095 macor.
1251 1036 1299 1094 Tu
1313 1053 1345 1096 es
1359 1035 1486 1114 pelagus
1500 1036 1643 1096 omnium

71 1119 172 1196 trusit,
193 1123 347 1185 uenaliud
362 1131 481 1204 qureret
496 1125 557 1187 uisi
575 1131 617 1204 te,
639 1128 714 1208 quia
729 1147 822 1190 nemo
870 1123 1106 1203 perfectionum,
1128 1127 1229 1186 omnis
1251 1127 1475 1206 magnitudinis
1501 1127 1640 1208 abyssus,

70 1211 168 1292 dignm
180 1219 236 1292 est,
255 1216 316 1278 nisi
329 1223 364 1278 tu
385 1218 468 1280 solus
481 1221 571 1282 Deus.
870 1216 1002 1278 infinita
1012 1218 1328 1298 misericordiamque
1337 1219 1481 1280 honitatis
1495 1239 1639 1298 oceanus,

870 1307 1119 1390 incomparabilis
1140 1312 1377 1392 pulchritudinis
1400 1313 1519 1391 imago;
1544 1314 1591 1374 Tu
1610 1333 1642 1374 es

872 1403 953 1462 Deus
980 1404 1125 1481 deorum,
1165 1405 1294 1465 Sanetus
1331 1406 1533 1478 Sanctorum,
1572 1407 1641 1466 Rex

12 1489 50 1554 lit!
102 1487 233 1565 Domine,
250 1490 381 1570 quinon
396 1510 428 1552 es
442 1493 516 1554 alias
529 1493 613 1554 aliud
628 1500 659 1554 et
676 1494 751 1556 alies
764 1495 821 1556 ali·
871 1497 1006 1574 Regum,
1023 1497 1172 1558 Dominus
1188 1498 1433 1574 Dominantium,
1452 1498 1552 1558 Causa
1565 1517 1640 1560 cau-

69 1591 116 1656 ter,
130 1581 179 1642 sed
190 1583 327 1662 idipsum
339 1589 370 1644 et
380 1585 517 1664 idipsum
526 1591 557 1646 et
570 1586 713 1666 idipsum,
731 1589 823 1649 Sanc·
871 1605 987 1666 semim,
1021 1591 1081 1650 Ens
1105 1590 1234 1666 entium,
1257 1591 1330 1651 Vita
1354 1591 1536 1659 viventium,
1565 1591 1640 1651 ordo

155 1357 246 1420 Amor
260 1360 318 1432 Dei
330 1361 524 1442 perfectiones
543 1361 701 1425 murriano.

67 1677 117 1750 tus,
140 1675 279 1752 Sanctus,
296 1677 437 1754 Sanctus,
454 1678 607 1740 Dominus
629 1681 710 1741 Deus
724 1681 823 1742 omni·
870 1681 1017 1757 universi,
1055 1683 1253 1761 pulchritudo
1283 1683 1404 1756 mundi,
1433 1682 1531 1762 gloria
1559 1684 1639 1745 coeli.

66 1771 172 1845 potens,
186 1768 228 1828 sis
241 1767 562 1832 infinitchenediotus.
574 1771 609 1833 S.
626 1773 754 1852 August.
771 1775 820 1835 te.
870 1770 962 1835 Idem.
979 1773 999 1837 1.
1016 1777 1046 1836 6.
1060 1794 1180 1836 muner.

67 1855 141 1938 Cous.
156 1878 190 1921 c.
215 1863 246 1922 ’1.
275 1860 333 1922 Ηο1
354 1863 444 1940 mibi,
465 1881 560 1943 qnam
584 1865 721 1926 excelsus
744 1866 822 1927 esin

65 1951 175 2012 excelsis
197 1958 230 2014 et
250 1971 344 2034 quam
367 1954 539 2034 profundus
553 1975 586 2017 es
605 1957 639 2018 in
661 1957 822 2037 profundis

64 2047 260 2124 ctnusquam
283 2047 420 2108 recedis!
450 2045 532 2110 luen
559 2050 588 2111 8.
621 2047 711 2130 Cous.
735 2069 761 2111 c.
789 2053 818 2112 3.
911 2047 1093 2112 Benedictus
1112 2065 1153 2123 es,
1178 2047 1307 2107 Domine
1326 2047 1407 2106 Deus
1427 2046 1521 2107 lsrael
1545 2048 1640 2108 Petris
1666 2049 1721 2109 161

63 2135 179 2198 Pulchra
200 2144 276 2199 sunt
296 2141 402 2201 omnia
427 2138 556 2202 faciente
579 2146 620 2218 te,
643 2148 675 2203 et
700 2161 768 2204 ecce
785 2149 821 2206 tu
870 2140 979 2216 nostri,
991 2141 1030 2201 ab
1040 2145 1155 2202 aeterno
1165 2140 1199 2200 in
1211 2145 1378 2214 aeternum,
1390 2143 1445 2199 tua
1454 2145 1500 2200 cst
1509 2141 1640 2203 Domine

61 2227 300 2292 inenarrabiliter
316 2232 485 2312 pulchrior,
506 2233 561 2312 qui
581 2232 677 2295 fecisti
701 2239 818 2298 omnia.
870 2232 1108 2311 magnificentia,
1142 2238 1173 2294 et
1203 2231 1343 2312 potentia
1369 2237 1402 2292 ct
1425 2232 1524 2309 gloria
1549 2239 1640 2314 atque

62 2317 203 2384 10100013.
237 2321 329 2404 Cous.
355 2344 379 2386 c.
402 2327 452 2386 10.
476 2327 583 2386 Excita
601 2345 686 2388 nune
710 2330 821 2391 Anima
869 2324 1009 2402 notoria,
1034 2331 1064 2386 et
1088 2325 1145 2387 tibi
1164 2325 1247 2400 laus;
1271 2329 1381 2384 cuneta
1404 2325 1500 2400 enim,
1523 2344 1593 2405 quae
1607 2328 1640 2388 in

999 1915 1091 1977 Amor
1106 1916 1139 1978 ic
1155 1914 1232 1976 10010
1247 1914 1304 1975 Dei
1317 1913 1508 1995 complacens.

61 2429 131 2487 mea,
154 2421 184 2476 et
204 2418 290 2496 erige
315 2422 417 2479 totum
441 2417 634 2480 intellectum
661 2426 763 2498 bium,
791 2429 822 2484 et
870 2417 946 2478 coelo
981 2423 1053 2478 sunt
1086 2417 1175 2478 etin
1210 2421 1304 2491 terra,
1333 2421 1388 2476 tua
1422 2421 1509 2492 sunt;
1536 2423 1637 2498 tuum,

59 2507 157 2584 cogita,
172 2515 328 2588 quantum
346 2515 445 2590 putee,
460 2510 553 2590 quale
571 2518 602 2573 et
615 2518 769 2592 quantum
782 2515 821 2577 sit
871 2509 1011 2586 Domine,
1027 2528 1171 2589 regnum,
1188 2515 1218 2570 et
1231 2514 1266 2569 tu
1280 2528 1313 2570 es
1326 2527 1419 2588 super
1432 2527 1541 2571 omnes
1554 2511 1640 2572 Prin-

59 2595 126 2659 illud
139 2601 275 2678 honum;
291 2603 316 2663 si
330 2603 415 2664 enim
426 2603 548 2683 singula
561 2604 643 2666 bona
657 2606 819 2669 delectabi-
869 2602 951 2681 cipes
964 2624 971 2664 :
984 2608 1048 2664 tuce
1059 2602 1186 2678 divitiae,
1203 2608 1234 2664 et
1244 2607 1299 2662 tua
1312 2608 1357 2664 est
1370 2601 1478 2681 gloria,
1494 2609 1529 2664 tu
1542 2605 1640 2666 domi-

57 2687 93 2748 lia
105 2697 185 2770 sunt,
201 2696 304 2774 cogita
325 2695 455 2772 intente,
476 2714 571 2776 quam
589 2698 767 2760 delectabile
782 2700 821 2760 sit
868 2695 953 2755 naris
967 2695 1123 2771 omnium;
1140 2695 1173 2754 in
1187 2712 1284 2754 manu
1303 2700 1358 2754 tua
1373 2694 1472 2754 virtus
1487 2699 1517 2754 et
1533 2701 1640 2774 poton-

57 2781 124 2844 illnd
156 2785 289 2865 bonum,
315 2789 400 2868 qnod
427 2791 563 2851 eontinet
592 2791 821 2869 jucunditatem
868 2787 922 2849 tia.
952 2789 989 2849 In
1013 2806 1108 2849 manu
1129 2793 1184 2848 tua
1210 2787 1391 2866 magnitudo
1417 2793 1449 2848 et
1473 2786 1639 2868 imperium

56 2877 188 2940 omnium
210 2881 425 2958 bonorumet
446 2899 511 2942 non
533 2883 658 2962 qualem
671 2885 703 2944 in
727 2885 820 2946 rebus
870 2881 1031 2958 omnium;
1057 2899 1141 2942 nuno
1155 2881 1259 2960 igitur,
1276 2881 1360 2941 Deus
1376 2883 1490 2954 noster,
1510 2880 1639 2943 confite-

55 2970 278 3034 creatissumus
300 2975 429 3053 experti,
446 2975 499 3035 sed
512 2979 598 3036 tanto
613 2975 817 3050 ‹liderentem
868 2991 941 3036 mur
959 2974 1026 3043 tihi,
1052 2979 1082 3035 et
1105 2973 1268 3034 laudamus
1291 2973 1412 3032 Nomen
1432 2977 1522 3033 tuum
1544 2973 1640 3054 inely-

54 3067 162 3138 qnanto
186 3065 290 3128 differt
316 3069 442 3128 Creator
469 3086 488 3128 a
514 3073 667 3142 ereatura,
691 3071 715 3129 si
736 3071 820 3132 enim
868 3065 1213 3129 commendaturus
1231 3063 1639 3138 c.D!l.Odivinitas,omnis

54 3151 130 3216 hona
154 3163 201 3219 est
223 3161 286 3220 vita
316 3163 426 3228 creata,
456 3177 551 3240 quam
579 3161 662 3221 hona
689 3168 735 3222 est
758 3161 821 3224 vita
868 3157 943 3220 boni
974 3160 1120 3240 primaevn
1150 3164 1181 3220 et
1210 3156 1448 3219 interminabilis
1473 3158 1637 3236 possessio,

54 3246 205 3311 creatrix!
233 3251 266 3312 si
280 3251 420 3330 jucunda
444 3257 489 3313 est
509 3253 592 3313 salus
610 3253 700 3325 faeta,
726 3273 821 3333 quam
869 3251 971 3312 omnis
987 3253 1059 3312 vitae
1082 3250 1300 3312 inseneseihilis
1323 3255 1389 3311 tota
1412 3247 1505 3312 simul
1525 3256 1556 3311 ct
1569 3270 1640 3332 per-

47 3337 181 3415 jucunda
194 3349 242 3405 est
257 3345 352 3422 salus,
368 3362 437 3425 quae
450 3344 524 3405 facit
533 3363 659 3406 omnem
672 3345 818 3408 salutem!
871 3344 1117 3424 fectapossessio,
1134 3343 1236 3405 omnis
1251 3343 1404 3404 beatitatis
1413 3343 1478 3404 sine
1488 3343 1640 3424 principio

51 3429 73 3491 si
85 3434 227 3496 amabilis
247 3442 294 3498 est
307 3438 457 3518 sapientia
471 3437 502 3497 in
524 3437 700 3517 cognitione
713 3457 821 3500 rernm
869 3441 900 3498 et
919 3438 986 3498 sine
1008 3436 1279 3517 superplenissima
1305 3434 1423 3511 fruitio,
1446 3436 1530 3496 Deus
1558 3453 1641 3498 ama·

51 3527 259 3608 conditarum,
287 3547 383 3609 quam
411 3529 551 3591 amabilis
583 3535 629 3591 est
654 3530 819 3612 sapientia,
869 3529 1027 3607 bilissime,
1047 3529 1189 3590 noverim
1209 3547 1270 3602 me,
1286 3528 1428 3589 noverim
1448 3533 1479 3588 te
1504 3526 1539 3588 S.
1558 3529 1638 3610 nup.

50 3631 116 3694 quae
142 3621 251 3682 omnia
276 3621 413 3683 condidit
435 3641 473 3682 ex
493 3619 607 3682 nihilo!
634 3623 767 3702 denique
794 3623 821 3685 si
872 3621 1098 3683 Amabilissime
1112 3623 1203 3697 Deua,
1228 3621 1329 3682 dicere
1351 3637 1415 3680 non
1438 3637 1575 3698 possum,
1604 3627 1640 3682 tu

50 3711 152 3774 multas
167 3720 200 3775 et
214 3733 337 3794 magnas
355 3714 572 3775 delectationes
594 3720 666 3775 sunt
680 3716 714 3775 in
728 3716 821 3778 rebus
869 3716 961 3792 nosti,
983 3714 1139 3794 quomodo
1162 3714 1245 3774 intus
1268 3712 1394 3788 afficiar,
1427 3712 1503 3773 dum
1526 3714 1638 3792 cogito,

49 3799 288 3884 delectabilibus,
305 3807 404 3887 qualis
418 3813 450 3867 et
462 3812 580 3886 quanta
599 3813 644 3868 est
659 3808 821 3869 delectatio
869 3807 954 3885 qnod
975 3807 1026 3882 sis,
1049 3807 1103 3884 qui
1128 3824 1172 3883 es,
1197 3807 1279 3865 Deus
1296 3804 1446 3880 infinitus,
1462 3803 1637 3884 ineffabilis,

48 3893 79 3954 in
91 3897 155 3971 illo,
180 3899 236 3978 qui
254 3898 326 3960 lecit
343 3899 410 3978 ipsa
423 3899 632 3960 delectabilia!
655 3899 691 3962 S.
714 3899 820 3961 Auset-
868 3897 1203 3978 incomprehensibilis;
1228 3897 1282 3976 qui
1302 3897 1517 3975 inteDigentias
1532 3915 1640 3960 omncs

47 4004 108 4049 mus
122 3990 154 4050 in
162 3991 281 4072 presel.
298 3994 389 4055 011.
407 3993 545 4067 Summe,
566 3993 693 4072 optime,
709 4000 820 4073 poten·
868 3990 1077 4071 profunditate
1090 3989 1223 4065 excedis,
1235 3987 1362 4049 affectus
1377 4005 1520 4068 exaequas
1532 3989 1638 4050 latitu-

47 4080 172 4161 tissime,
189 4085 474 4146 misericordissime
488 4091 518 4146 01
530 4085 710 4164 justissime,
725 4103 822 4148 secre-
870 4083 952 4158 dine,
972 4101 1092 4144 amores
1113 4099 1221 4144 omnes
1235 4082 1388 4143 inaccessa
1402 4082 1512 4161 abysso
1526 4082 1559 4141 in
1572 4081 1640 4145 inii-

45 4171 159 4237 tissime
196 4183 228 4238 et
261 4177 510 4257 praesentissime,
543 4176 753 4256 pulcherrime
791 4184 821 4240 et
869 4177 949 4236 nites
977 4176 1083 4237 titulos
1103 4175 1248 4235 absorbes
1274 4195 1281 4234 ε
1304 4179 1340 4235 10
1362 4177 1446 4234 totus
1467 4173 1568 4236 bonus
1593 4195 1637 4248 es,

45 4262 221 4344 fortissime,
264 4268 381 4330 stabilis
419 4275 450 4330 et
484 4270 818 4349 incomprehensibilis,
868 4273 952 4329 totus
982 4268 1146 4350 speciosus,
1176 4271 1309 4340 sanctus,
1347 4265 1482 4346 sapiens,
1516 4273 1637 4347 potens,

44 4355 249 4421 immutabilis
262 4367 386 4422 mutans
397 4361 514 4438 omnia,
531 4379 693 4441 nunqnam
708 4379 818 4440 novus,
865 4360 977 4441 justus,
1015 4361 1199 4433 misericors,
1238 4359 1302 4419 imo
1329 4357 1396 4438 ipsa
1426 4357 1637 4437 pulchritudo,

44 4467 210 4531 nunquam
223 4459 323 4523 vetus,
339 4453 490 4515 innovans
504 4453 620 4515 omnia.
635 4453 669 4516 S.
687 4454 767 4535 Anp.
785 4459 813 4516 1.
868 4453 1028 4533 sapientia,
1047 4451 1196 4533 potentia,
1215 4451 1345 4531 justitia,
1365 4451 1587 4531 misericordia,
1609 4459 1641 4515 et

44 4539 131 4626 Cous.
145 4564 173 4608 c.
191 4548 223 4606 t.
238 4547 370 4607 Domine
383 4564 448 4606 non
466 4546 568 4608 solum
583 4565 625 4624 es,
641 4565 702 4627 quo
717 4548 818 4626 majus
865 4545 1010 4625 perfectio
1032 4545 1145 4618 omnis,
1167 4551 1199 4605 et
1220 4543 1391 4624 complexio
1406 4544 1550 4606 omniurn
1569 4563 1641 4624 per-

42 4638 171 4716 00311οή
187 4640 308 4719 nequit,
324 4639 377 4700 sed
392 4657 424 4700 es
436 4639 584 4718 quiddam
597 4640 708 4719 majus,
724 4659 819 4720 quam
865 4638 1045 4713 sectionum,
1071 4655 1194 4717 semper
1220 4643 1347 4714 aterne,
1378 4654 1501 4716 semper
1533 4656 1639 4700 neces-

41 4729 174 4809 cogitari
188 4732 297 4812 possit,
314 4731 464 4811 quoniam
482 4750 619 4813 namque
639 4733 721 4794 valet
733 4733 818 4812 ocgi-
865 4733 956 4809 seda,
980 4749 1102 4811 semper
1116 4731 1225 4791 eadem
1243 4749 1251 4790 ε
1268 4747 1363 4808 quam
1387 4730 1507 4808 gaudeo
1520 4729 1640 4810 tibique

42 4823 99 4882 tari
113 4839 183 4884 esse
198 4823 316 4904 aliquid
335 4822 526 4902 hujusmodi,
541 4825 568 4884 si
586 4830 622 4885 tn
636 4844 701 4886 non
715 4843 747 4886 es
759 4826 819 4888 hoc
865 4824 1014 4906 gratulor,
1043 4823 1085 4884 mi
1101 4823 1201 4884 Deus!
1225 4822 1309 4902 qnod
1331 4822 1410 4883 nulli
1424 4822 1637 4901 vicissitudini,

40 4910 156 4992 ipsum,
172 4921 275 4996 potest
286 4916 424 4996 cogitari,
440 4915 555 4996 aliquid
569 4917 670 4996 majus
682 4923 725 4992 te,
737 4919 820 4997 0001
867 4917 1052 4998 progressui,
1085 4915 1226 4991 defectui,
1263 4914 1463 4976 declinationi
1498 4915 1538 4975 sis
1565 4917 1639 4994 sub*

40 5005 109 5068 fieri
137 5009 262 5088 nequit.
288 5007 325 5070 S.
348 5008 449 5070 Ausci.
477 5009 586 5090 procel.
603 5029 627 5070 c.
650 5012 698 5071 15.
724 5012 773 5072 Tu
786 5011 819 5070 in
865 5011 975 5090 iectus,
990 5009 1043 5070 scd
1057 5027 1183 5070 omnem
1197 5005 1394 5087 perfeetionis
1415 5007 1543 5066 modum
1557 5008 1638 5068 indi-

40 5099 128 5162 onmi
144 5119 181 5162 re
201 5101 355 5182 perfectus
368 5120 400 5162 cs
415 5103 480 5163 sine
500 5103 603 5182 aliqua
616 5103 818 5181 deformitate,
868 5103 981 5163 visibili
1003 5107 1057 5162 tuo
1085 5119 1152 5162 esse
1178 5099 1411 5162 immutabiliter
1433 5100 1638 5178 comprehen-

40 5209 180 5272 magnus
209 5194 275 5256 sine
299 5195 481 5274 quantitate,
510 5195 612 5256 honus
634 5196 700 5257 sine
722 5197 820 5276 (10011-
869 5195 937 5257 das!
959 5194 1046 5257 faveo
1069 5194 1136 5271 tihi,
1157 5193 1241 5273 quod
1260 5193 1366 5254 omnia
1387 5191 1485 5272 spatia
1503 5192 1640 5256 universi

40 5287 115 5356 tate,
141 5285 237 5347 fomis
251 5287 319 5349 sine
339 5287 531 5364 infirmitate,
548 5307 640 5349 verus
659 5290 725 5350 sine
740 5289 821 5350 falsi-
869 5289 1006 5368 impleas,
1033 5285 1189 5364 extendus,
1206 5285 1334 5359 ambias,
1356 5301 1457 5364 neque
1479 5285 1639 5347 tamenab

39 5381 116 5454 tate,
134 5379 209 5439 sine
222 5378 291 5440 loco
306 5378 421 5459 ubique
434 5398 579 5460 praesens,
594 5381 658 5442 sine
673 5381 822 5443 divisione
870 5382 908 5442 iis
921 5380 1106 5442 continearis
1122 5400 1129 5440 :
1146 5378 1293 5440 animitus
1312 5377 1368 5438 tihi
1391 5375 1538 5456 gratrrlor,
1555 5379 1639 5456 quod

38 5477 73 5537 in
98 5470 196 5532 omni
218 5471 285 5532 loco
307 5477 401 5548 totus,
417 5473 451 5533 in
472 5473 689 5553 magnitudine¹
705 5491 738 5535 es
752 5473 822 5534 infr-
871 5479 1011 5553 ternpore
1025 5473 1131 5533 omnia
1149 5471 1306 5552 possibilia
1325 5469 1364 5530 ab
1379 5474 1493 5530 aeterno
1507 5469 1541 5528 in
1554 5477 1640 5532 sater-

41 5560 142 5639 nitns,
173 5561 211 5622 in
243 5563 357 5625 virtute
387 5565 593 5644 omnipotens,
626 5565 659 5625 in
686 5565 823 5626 bonitate
873 5583 951 5626 num
978 5564 1143 5644 anticipes,
1177 5563 1357 5643 protendas,
1386 5561 1635 5644 circumscribas,
