4200 6348
481 387 520 446 68
1094 378 1206 438 LlBElt
1227 379 1459 442 ruobbertus

360 525 367 536 ’
478 547 581 610 biliter
615 547 715 624 editis,
755 545 855 607 adbuc
879 544 1069 623 gliscentem,
1101 542 1249 604 validiore
1299 563 1338 605 ex
1351 544 1471 606 indiciis
1489 545 1529 606 ad
1547 545 1579 606 id
1593 545 1817 607 sufficientibus
1834 547 1891 607 sibi
1903 548 2024 626 traditum,

478 658 576 702 manu
605 656 820 716 coerceamus,
847 637 1123 716 gravissimumque
1150 635 1249 696 scelus
1298 637 1458 700 restituere
1492 645 1647 715 recusent,
1685 645 1849 720 postquam
1880 639 1905 700 is
1931 639 1960 700 in
1984 643 2026 702 sris

481 732 661 813 ¹spostolicae
684 730 884 792 districtionis
902 729 1003 808 gladio
1018 728 1118 808 magis
1131 728 1248 806 magis·
1299 730 1527 792 defensionibus
1539 731 1720 810 hujusmodi
1733 733 1846 793 indicia
1860 731 1979 793 diluerit.

479 844 539 907 que
553 825 764 905 insequamur,
781 841 889 884 omnes
902 828 932 883 et
945 822 1081 900 singulas
1095 821 1249 882 dictorum
1340 824 1501 900 Praeterea,
1517 823 1609 884 simili
1622 829 1711 885 motu
1726 830 1756 886 ct
1770 823 1944 886 auctoritate
1955 826 2028 886 decer-

480 919 691 979 Remanerum
706 915 889 978 Pontificum
900 915 1163 975 Praedcccssorum
1173 914 1248 973 Nos·
1299 916 1403 977 nimus
1417 935 1452 977 ac
1465 917 1667 992 declaramus,
1682 917 1855 996 Sepulturae
1865 936 1950 978 sacre
1959 918 2030 998 prim-

479 1017 600 1072 trorum
628 1009 866 1071 Constitutiones
893 1007 1035 1086 superius
1058 1005 1247 1082 enunciatas,
1298 1009 1416 1070 tionem
1456 1029 1474 1070 a
1508 1018 1702 1071 sacrosancta
1732 1011 1910 1071 'tridentina
1937 1009 2031 1090 Syneis

479 1121 612 1183 quarum
632 1108 764 1176 tenores,
789 1120 825 1162 ac
842 1101 868 1161 si
885 1099 1089 1180 presentibus
1102 1099 1140 1160 dc
1154 1097 1249 1159 verbo
1299 1101 1449 1163 inflictam
1470 1102 1673 1164 morientibus
1691 1103 1724 1162 in
1746 1102 1815 1164 loce
1838 1102 1930 1164 duelli
1948 1108 2032 1163 etoen-

479 1197 519 1257 ad
544 1197 675 1257 verbum
700 1196 823 1256 insertae
849 1194 961 1270 forent,
984 1213 1041 1273 pro
1064 1191 1250 1252 sufficienter
1300 1194 1414 1269 flictrrs,
1442 1195 1662 1256 incurrendam
1687 1201 1837 1275 perpetue
1865 1195 1941 1271 fore,
1965 1195 2033 1256 ctiam

480 1290 630 1368 expressis
648 1287 756 1349 haberi
778 1287 931 1362 velumus,
956 1284 1130 1365 Apostoliea
1143 1289 1248 1344 aucte·
1300 1293 1371 1348 ante
1386 1287 1576 1348 Sententiam
1590 1287 1716 1364 Jrrdieis,
1737 1287 1930 1348 edecedente
1942 1305 2034 1366 queque
2080 1339 2081 1343 ,

478 1381 569 1442 ritate
592 1381 810 1443 confirmantes
833 1388 864 1440 et
880 1380 1072 1445 innovantes,
1089 1377 1128 1437 ad
1142 1376 1201 1437 bec
1215 1380 1250 1435 ut
1300 1384 1387 1440 extra
1414 1379 1517 1440 lecum
1548 1379 1707 1441 conflictus
1734 1398 1773 1441 cx
1800 1380 1927 1441 munere
1949 1379 2035 1440 ibidem

479 1493 643 1554 pernarum
663 1473 797 1554 gravitas
811 1479 841 1534 ct
856 1472 1002 1534 severitas
1018 1470 1170 1547 majorem
1183 1488 1251 1550 pcr-
1300 1478 1435 1553 accepte,
1459 1472 1523 1533 sive
1542 1471 1682 1534 duellum
1696 1473 1828 1552 publice,
1845 1474 1908 1534 sive
1921 1471 2035 1552 privatim

479 1568 550 1628 ditis
574 1567 754 1628 bominibus
785 1567 906 1646 ingerat
932 1562 1080 1644 peccandi
1108 1568 1246 1636 metum,
1299 1564 1450 1626 indictum
1474 1565 1576 1637 fuerit,
1604 1585 1639 1626 ac
1666 1565 1785 1626 etiarnsi
1802 1565 1974 1626 vulneratus
1988 1569 2038 1623 mte

480 1661 589 1720 Nostro
603 1661 688 1721 Motu
703 1661 840 1739 proprie,
856 1677 891 1719 ac
904 1659 942 1719 de
955 1655 1137 1737 Apostolicae
1147 1661 1250 1716 aucto·
1300 1664 1433 1720 mertem
1446 1675 1510 1717 nen
1520 1657 1637 1718 incerta
1643 1657 1835 1719 Poeuitentiae
1845 1659 1932 1738 signa
1939 1655 2036 1730 dederit,

479 1753 577 1813 sitatis
611 1753 813 1832 plenitudine,
849 1750 1017 1811 earundem
1049 1749 1249 1829 presentium
1300 1759 1393 1829 atque
1418 1767 1437 1810 e
1459 1749 1590 1829 peccatis
1622 1755 1652 1810 et
1682 1751 1819 1811 censuris
1846 1751 2039 1812 absolutionem

480 1844 668 1907 Litterarum
677 1847 767 1921 serie,
778 1844 941 1905 statuimus
950 1849 1042 1922 atque
1050 1842 1248 1918 dicernimus,
1302 1843 1489 1918 obtinuerit;
1520 1841 1641 1903 sublata
1663 1843 1831 1923 Episcopis,
1857 1849 1890 1904 et
1906 1841 2039 1905 Ordlmdit

480 1943 516 1998 ut
525 1939 548 1999 si
560 1938 628 2018 quis
641 1940 674 1999 im
686 1938 801 2011 duello,
815 1939 878 1998 sive
886 1935 1019 2015 publice,
1031 1935 1094 1995 sive
1105 1933 1251 2014 privatim
1302 1937 1452 1996 Locorum
1476 1953 1569 2015 super
1594 1935 1652 1996 bac
1675 1953 1768 2015 poena
1790 1934 2040 2016 interpretandae

480 2030 607 2104 indicto,
622 2031 783 2091 bominem
797 2029 952 2104 occiderit,
968 2028 1031 2088 sive
1045 2027 1095 2087 bic
1109 2031 1252 2086 mortuus
1302 2027 1497 2107 dispensandi
1518 2026 1671 2100 facultate,
1693 2045 1755 2107 quo
1777 2028 1899 2089 caeteris
1909 2017 2058 2088 documen'

481 2123 621 2184 fueritin
634 2124 702 2185 leco
716 2122 886 2197 conflictus,
911 2121 974 2182 sive
998 2124 1084 2180 extra
1103 2119 1194 2179 illum
1212 2135 1251 2180 er
1301 2125 1369 2181 tum
1383 2120 1560 2200 prebeatur
1573 2119 1713 2199 fugiendi
1735 2121 1868 2198 sceleriS,
1890 2139 1925 2181 ae
1937 2118 2042 2180 debitam

481 2215 610 2276 vrrlnere
630 2216 663 2276 in
686 2216 789 2276 duello
803 2219 937 2294 accepto,
958 2213 1139 2291 hujusmodi
1151 2213 1251 2273 berni-
1302 2214 1444 2276 Ecclesia
1460 2213 1590 2290 Legibus
1604 2212 1813 2274 obedientiam
1827 2211 1995 2293 praestandi.

482 2308 561 2376 cide,
586 2312 747 2388 tamquam
767 2307 954 2368 interficiens
967 2305 1145 2384 proximum
1159 2323 1251 2365 suum
1342 2309 1377 2368 ln
1390 2305 1484 2385 hujus
1497 2306 1625 2365 demum
1632 2305 1847 2366 sollicitudinis
1857 2310 1966 2366 nostre
1974 2301 2043 2363 socie·

482 2401 587 2462 animo
599 2401 813 2482 premeditato
827 2399 1052 2475 acdeliberato,
1068 2397 1107 2458 ad
1120 2398 1252 2459 formam
1301 2404 1398 2460 tatem
1421 2403 1568 2459 vocantes
1595 2397 1773 2458 durissimos
1795 2398 1831 2457 in
1851 2397 1967 2458 Christe
1978 2394 2045 2455 lile

483 2493 716 2555 Constitutienis
733 2493 827 2553 felicis
842 2490 1062 2553 recordationis
1081 2491 1252 2552 Praedcces·
1303 2492 1439 2566 Nostros,
1468 2493 1688 2570 Imperatorem
1712 2490 1858 2567 electum,
1890 2495 2046 2566 cunctosque

482 2587 559 2647 soris
572 2587 673 2647 Nostri
687 2585 846 2648 Benedicti
858 2586 949 2664 Papae
974 2583 1137 2663 lllll,‘quaa
1147 2583 1254 2663 incipit
1303 2583 1472 2644 Gatbelices
1494 2583 1602 2662 Reges,
1622 2601 1680 2644 nec
1701 2601 1767 2644 non
1786 2583 1953 2663 Principes,
1966 2578 2047 2658 lingis

482 2675 536 2741 Em
550 2699 606 2761 que
620 2679 743 2754 Diuico,
759 2679 830 2739 data
843 2695 885 2738 vr.
902 2677 973 2738 Idus
991 2675 1065 2738 iulii
1085 2677 1177 2737 Anne
1192 2677 1251 2737 Do·
1302 2681 1411 2750 tratus,
1439 2675 1555 2737 ltlilitias
1575 2677 1683 2750 Duces,
1711 2680 1805 2755 atquc
1831 2675 1995 2748 Praefectos,
2012 2687 2048 2731 ees

482 2772 560 2832 mini
575 2772 784 2846 nlnecxxv,
810 2771 848 2830 ab
871 2769 1087 2830 Ecclesiasticae
1105 2769 1254 2830 immuni·

482 2863 553 2924 tatis
579 2863 728 2924 beneficio
752 2862 891 2924 exclusus
917 2867 947 2922 et
968 2860 1109 2939 repulsus
1123 2861 1252 2922 omnino

483 2961 665 3030 censeatur3
688 2955 731 3016 ita
753 2963 789 3016 ut
811 2974 830 3015 a
853 2954 1075 3033 cujuscumque
1099 2953 1181 3014 Sacri
1200 2958 1253 3014 aut

484 3049 630 3128 Religiosi
646 3049 705 3109 loci
720 3047 824 3128 Asylo,
840 3047 880 3107 ad
894 3046 978 3125 quod
992 3045 1173 3124 confugerit,
1190 3065 1254 3108 ser-

483 3143 561 3202 vatis
588 3148 693 3203 tamen
719 3140 849 3219 dejure
873 3137 1041 3214 servandis,
1072 3139 1201 3208 extrahi,
1225 3145 1255 3201 et

483 3235 600 3295 Judicis
626 3233 827 3313 competentis
857 3232 959 3292 Curiae
982 3249 1038 3310 pro
1065 3231 1177 3292 merito
1196 3251 1254 3313 pu-

484 3327 627 3398 niendus,
650 3327 732 3387 tradi
752 3326 848 3405 possit
870 3329 900 3386 et
923 3324 1052 3398 debeat,
1073 3341 1164 3402 super
1178 3343 1255 3404 quos

484 3419 546 3478 Nos
566 3419 735 3498 Episcopis,
758 3418 886 3497 aliisque
915 3415 1131 3496 Superioribus
1148 3417 1254 3478 Antis-

484 3511 578 3588 tibus‚
608 3511 647 3571 ad
670 3529 747 3590 quos
767 3509 934 3589 respective
948 3507 1091 3588 pertinet,
1107 3515 1138 3569 et
1159 3511 1255 3588 pcrti-

485 3604 572 3665 ncbit
585 3604 800 3682 imposterum,
825 3601 1009 3663 necessarias
1024 3606 1054 3661 ct
1068 3608 1256 3681 opportunas

485 3695 643 3756 facultates
657 3694 857 3774 praesentium
872 3711 995 3773 quoque
1015 3699 1122 3754 tenore
1140 3694 1255 3776 imper-

485 3787 591 3848 timur.
616 3787 696 3862 Quin
718 3786 823 3861 ctiam,
851 3786 974 3846 vivente
993 3785 1093 3845 adhuc
1113 3787 1208 3848 altere
1222 3789 1256 3850 in

486 3880 635 3960 singulari
660 3879 828 3940 certamine
857 3877 991 3955 graviter
1019 3877 1197 3955 vulnerato,
1229 3882 1255 3943 si

485 3991 650 4053 percussor
672 3972 830 4032 inlocum
852 3971 1025 4031 immunem
1045 3990 1077 4032 se
1095 3975 1254 4052 receperit,

486 4084 618 4144 exque,
644 4065 806 4126 eveniente
827 4063 909 4123 illius
932 4069 1042 4133 morte,
1063 4065 1168 4143 fugam
1183 4067 1258 4127 arri·

487 4177 575 4238 pere,
599 4164 631 4218 et
656 4157 762 4236 legum
790 4156 984 4217 severitatem
1012 4157 1141 4218 evadere
1168 4177 1257 4238 pesse

487 4247 711 4330 prospiciatur,
726 4248 889 4323 Volumus,
904 4254 934 4310 et
951 4251 1117 4329 respective
1129 4253 1257 4330 permit-

487 4343 594 4420 timus,
610 4347 655 4410 ut,
679 4347 830 4421 quatenus
855 4341 949 4400 Periti
971 4342 1010 4402 ad
1031 4341 1257 4422 inspiciendum

489 4434 602 4495 vulrms
627 4434 729 4508 acciti,
758 4452 847 4513 prees
880 4433 947 4493 vitm
977 4435 1140 4514 periculum
1153 4439 1258 4500 adesse

488 4527 672 4601 retulerint,
701 4544 862 4604 percussor
889 4525 969 4604 ipse,
997 4528 1111 4605 praevie
1139 4547 1259 4610 semper

489 4619 617 4681 Decreto
639 4617 790 4697 Episcopi,
806 4623 922 4678 etcum
937 4618 1107 4680 assistentia
1120 4638 1259 4699 personas

490 4711 704 4772 Ecclesiasticae
731 4710 769 4769 ab
793 4709 902 4770 eedem
917 4711 1075 4790 Episcopo,
1093 4713 1257 4793 deputatae,

490 4803 529 4864 ab
555 4801 733 4881 hujusmodi
758 4801 825 4862 loco
851 4801 983 4862 immuni
1009 4809 1177 4879 extractus,
1194 4808 1260 4870 sine

490 4909 579 4954 mora
592 4893 764 4955 carceribus
787 4894 981 4973 mancipetur
992 4914 1000 4970 ;
1025 4914 1061 4956 ea
1074 4901 1178 4960 tanmn
1191 4901 1259 4980 lege

490 4987 506 5048 J
510 4985 650 5059 udicibps
658 4985 783 5052 indicto,
800 4985 936 5046 utillum
950 4986 1088 5048 Ecclesiae
1101 4991 1259 5054 restituere

491 5077 636 5153 debcant,
665 5077 691 5137 si
717 5076 897 5136 vidneratus
920 5085 1072 5157 superstes
1083 5082 1165 5144 vivat
1178 5084 1260 5146 ultra

490 5173 614 5246 tempus
639 5184 658 5226 a
684 5164 815 5244 legibus,
841 5184 910 5244 quea
933 5166 971 5226 de
994 5167 1161 5232 homicidio
1175 5181 1258 5250 sunt,

492 5258 712 5332 constitutum,
728 5256 868 5335 alioquin
882 5257 916 5317 in
927 5257 1050 5320 easdem
1064 5280 1171 5340 poenas
1183 5266 1259 5327 iuci-

493 5352 577 5425 dant,
591 5368 661 5429 quoe
676 5349 709 5409 in
730 5350 908 5410 memoratis
924 5351 1085 5413 ‘benedicti
1105 5356 1174 5418 Xlll
1202 5359 1262 5419 Lit-

492 5445 566 5503 teris
579 5441 752 5504 constitutae
767 5446 841 5502 sunt
853 5442 998 5503 adversus
1009 5444 1087 5522 illos,
1103 5449 1157 5527 qui
1165 5449 1262 5511 delin-

494 5533 1258 5621 quenteminaliquoexcasibusibidemexpressis,

1303 2787 1411 2830 omnes
1433 2774 1464 2829 et
1482 2769 1630 2848 singulos,
1656 2786 1713 2848 pro
1736 2786 1793 2828 sua
1815 2768 1850 2828 in
1875 2769 1971 2828 Deum
1988 2762 2048 2824 lleli·

1303 2856 2048 2939 gione,acpietate,enixeebtestamurinllemino,

1303 2957 1339 3013 ut
1365 2953 1537 3030 conjunctis
1568 2953 1688 3028 studiis,
1717 2957 1749 3014 et
1774 2953 1911 3030 animis,
1940 2949 2051 3013 exitiess
2099 2944 2100 3025 l

1303 3045 1478 3106 duellomm
1498 3045 1640 3121 licentiae,
1666 3049 1697 3106 et
1719 3063 1782 3125 qua
1796 3045 1976 3126 Regnorum
1986 3049 2053 3102 tran·
2099 3034 2100 3047 ¹

1304 3138 1448 3218 quillites,
1464 3138 1652 3218 populorum
1670 3137 1829 3214 securitas,
1852 3145 1945 3218 atque
1958 3133 2053 3197 incolu-
2099 3202 2100 3207 η

1305 3231 1405 3307 mites,
1419 3249 1520 3310 neque
1529 3247 1695 3310 corporum
1704 3229 1817 3306 solum,
1832 3231 1899 3306 scd,
1915 3223 2055 3310 quesnello

1304 3324 1403 3402 pretio
1417 3323 1561 3383 aestimari
1574 3327 1684 3402 potest,
1698 3328 1816 3384 aeterna
1829 3323 2001 3384 animarrrm
2009 3320 2055 3379 vita

1305 3421 1387 3476 certe
1415 3415 1617 3495 periclitatur,
1647 3415 1735 3475 omni
1761 3415 1834 3476 nisu
1858 3423 1891 3477 et
1909 3409 2057 3477 constantia

1305 3509 1504 3570 veliementer
1517 3508 1677 3570 obsistant.
1694 3508 1800 3587 Neque
1816 3507 1888 3586 sibi,
1910 3503 2056 3586 suaquein

1306 3603 1405 3663 Deum
1427 3600 1511 3678 fidei,
1535 3601 1736 3679 munerisque
1758 3600 1875 3661 rationi
1888 3600 1992 3662 fecisse
2004 3595 2059 3658 satis

1305 3694 1487 3773 intelligant,
1514 3693 1597 3772 quod
1615 3693 1732 3772 optimc
1746 3693 1925 3754 constitutis
1938 3691 2057 3771 legibus

1306 3787 1489 3867 indietisque
1525 3785 1713 3864 gravissimis
1739 3786 1851 3865 pcenis,
1886 3783 2060 3847 horrendum

1306 3879 1405 3940 scelus
1425 3879 1631 3958 proscriptum
1654 3880 1703 3954 sit,
1729 3878 1789 3943 nisi
1806 3885 1984 3940 accuratam
1996 3877 2060 3956 ipe·

1307 3989 1378 4033 rum
1400 3973 1529 4050 Legum,
1547 3989 1773 4050 pennarumque
1788 3975 2003 4034 executionem
2019 3987 2062 4029 m·

1307 4064 1384 4124 viter
1398 4069 1539 4142 urgeant,
1552 4081 1587 4123 ce
1600 4068 1816 4142 promoveant,
1831 4081 1929 4144 seque
1943 4065 2063 4124 inexora-

1307 4156 1384 4218 biles
1408 4157 1461 4218 Dei
1488 4155 1625 4216 vindices
1649 4155 1684 4215 in
1706 4173 1770 4233 ees,
1800 4158 1856 4236 qui
1873 4157 1950 4218 milia
1972 4157 2063 4235 agunt
2099 4156 2100 4159 ’

1307 4250 1469 4328 diligenter
1492 4247 1680 4322 exhibeant;
1710 4249 1789 4309 Nam
1816 4249 1843 4309 si
1865 4249 2066 4328 delinquentes

1307 4347 1361 4403 aut
1385 4341 1550 4402 oscitanter
1575 4339 1685 4413 ferant,
1713 4345 1768 4400 orit
1787 4341 1924 4403 molliter
1938 4341 2066 4421 puniant

1307 4435 1408 4495 alieno
1422 4451 1487 4494 sese
1501 4433 1630 4494 erimine
1644 4432 1795 4512 polluent,
1820 4435 1988 4513 omnisque
2000 4431 2068 4492 illius

1308 4527 1466 4602 sanguinis
1485 4544 1554 4587 reos
1575 4545 1606 4586 sc
1627 4525 1828 4602 constituent,
1843 4545 1942 4606 quem
1956 4527 1999 4587 ita
2011 4541 2068 4586 cre·

1308 4620 1418 4681 deliter
1450 4618 1586 4679 inultum
1618 4617 1735 4678 effundi
1765 4621 1976 4698 permiserint.
2004 4614 2069 4676 Vani

1309 4713 1393 4772 enim
1413 4711 1541 4791 falsique
1563 4711 1691 4771 honoris
1717 4711 1803 4773 ldolo
1825 4713 1982 4774 humanas
2000 4706 2072 4771 litari

1309 4805 1449 4865 victimas
1462 4823 1526 4865 non
1536 4803 1665 4882 impunc
1679 4803 1756 4864 feret
1764 4821 1930 4884 supremus
1942 4802 2072 4866 emnium

1309 4899 1325 4958 J
1329 4897 1409 4958 ndcx
1424 4897 1504 4957 Deris
1517 4915 1525 4971 ;
1541 4896 1694 4956 rationem
1708 4894 1748 4956 ab
1762 4896 1801 4957 iis
1815 4897 1986 4978 aliquando
1998 4913 2075 4958 eme

1309 4995 1408 5067 turus,
1434 5005 1567 5068 quorum
1591 4992 1637 5048 cst
1663 4987 1783 5060 Divina,
1813 4995 1844 5050 ct
1862 4989 2074 5067 bumanajum

1309 5081 1401 5158 tueri,
1431 5080 1551 5160 sibique
1578 5079 1766 5141 creditorum
1794 5081 1963 5144 bominum
1989 5081 2075 5141 sitam

1309 5191 1442 5247 servare,
1471 5191 1528 5253 pre
1554 5171 1667 5252 quibus
1694 5174 1880 5254 sanguinem
1901 5174 1973 5254 ipsc
1991 5187 2075 5234 surim

1309 5268 1398 5327 lesus
1412 5264 1548 5326 Christus
1562 5264 1681 5325 effudit.

1350 5359 1501 5420 Volumus
1514 5364 1619 5419 autem
1634 5363 1668 5418 ut
1682 5362 1880 5437 presentium
1894 5361 2075 5423 Litterarum

1310 5451 1511 5530 transumptis
1538 5451 1632 5512 etiam
1646 5451 1814 5531 impressis,
1835 5454 1953 5514 Notarii
1968 5449 2076 5534 publici

1311 5563 1406 5607 manu
1427 5543 1616 5624 subscriptis,
1640 5547 1672 5605 et
1694 5543 1801 5622 Sigillo
1816 5545 1961 5609 Personae
1982 5546 2015 5606 in
2029 5543 2074 5604 lie
