3938 6338
871 356 904 415 P.
929 351 1122 415 STEPHANI
1145 351 1194 412 DE
1216 346 1373 410 OHAMPS

576 631 753 692 CAPUT
794 629 859 690 vl.

336 804 414 867 Pari
426 824 559 868 connnsu
568 805 727 867 doctissimi
738 823 775 866 ca
792 804 863 866 aliis
876 801 1029 884 Iielipioseir
1044 800 1102 862 Or-

374 895 494 959 dinibus
511 897 649 978 Tlreolopi
660 895 770 958 eosdem
782 895 930 978 opiniones
944 901 1072 955 tuentur.

375 1063 435 1124 Vix
453 1063 535 1124 ullus
549 1081 605 1143 pro
626 1062 761 1125 secunda
774 1060 925 1124 sententia
948 1061 1105 1122 Societatis

336 1155 410 1216 lesu
421 1155 596 1234 ‘theologus
605 1155 776 1234 scripserat,
786 1171 858 1215 cum
867 1152 1028 1215 clarissimi
1042 1152 1104 1214 duo

337 1267 376 1309 ex
390 1249 420 1309 S.
438 1248 569 1328 Augusti
582 1247 702 1308 familia
728 1248 870 1308 Doctores
884 1247 978 1308 ctiam
989 1251 1025 1306 ut
1034 1264 1105 1326 pro-

335 1338 516 1416 babiliorem,
540 1345 576 1399 ut
601 1340 684 1418 apud
707 1339 889 1417 Theologas,
914 1338 1045 1399 manime
1069 1357 1106 1399 eu

335 1431 489 1512 discipulis
501 1430 536 1493 S.
562 1430 688 1505 Tbomu,
709 1449 888 1492 communem
910 1431 1020 1492 acriter
1038 1449 1107 1510 pra

335 1529 526 1604 pugnarunt.
542 1523 670 1584 Michael
685 1523 837 1590 Salonius,
861 1527 908 1583 vir
920 1521 1063 1600 doctrina,
1078 1531 1107 1583 et

337 1615 409 1677 vitu
421 1616 576 1677 sanctitate
585 1614 713 1689 celebris,
726 1615 810 1676 utait
821 1614 975 1676 Aubertus
983 1615 1107 1677 lliraeus

337 1708 370 1769 in
392 1708 534 1769 biblioth.
556 1709 743 1769 66661596.
768 1708 905 1770 Venetiis
919 1708 1015 1769 edidit
1029 1708 1105 1769 insi·

337 1819 394 1881 pac
414 1800 547 1862 uolumen
569 1799 603 1861 dc
622 1800 760 1881 justitia,
776 1799 891 1880 etp'ure,
911 1800 995 1880 quod
1009 1800 1105 1861 Anto·

338 1892 410 1953 nius
431 1892 625 1954 possevimus
643 1893 750 1953 assent
769 1911 787 1951 a
807 1891 968 1973 Tbeolopis,
989 1893 1044 1974 qui
1059 1911 1106 1953 so-

334 1985 426 2066 piunt
446 2003 630 2066 mapnopcrc,
651 2003 703 2045 nec
725 1983 875 2044 immerito
899 1983 1105 2046 commendari.

340 2078 409 2142 Qua
422 2076 456 2138 in
469 2095 562 2157 opere
574 2076 612 2137 de
635 2075 787 2136 industria
809 2074 1011 2154 questionem
1029 2077 1108 2138 hanc

339 2169 435 2248 agitat
457 2175 644 2230 controvers.
672 2171 702 2230 i.
727 2169 822 2230 concl.
840 2171 869 2232 1.
886 2169 925 2230 ad
939 2173 997 2230 art.
1015 2173 1035 2230 1
1052 2190 1105 2250 qu.

340 2262 391 2321 63.
407 2261 545 2338 Thamae,
576 2262 725 2340 docetque
742 2306 763 2337 „
787 2261 910 2341 quando
938 2267 1010 2322 sunt
1037 2262 1107 2324 duae

341 2353 501 2432 opiniones
527 2353 699 2433 probabiles
724 2358 874 2432 exparte
896 2353 988 2433 juris,
1013 2354 1108 2415 altera

339 2449 445 2507 166166
457 2445 657 2525 probabilior,
674 2463 761 2526 posse
782 2445 922 2525 quemvis
937 2445 1060 2507 fidelem
1075 2447 1109 2506 in

340 2536 403 2597 suis
416 2537 542 2616 privatis
555 2536 738 2612 actionibus,
754 2535 879 2598 dimissa
897 2537 1106 2616 probabiliori,

340 2625 452 2704 eligere
473 2625 675 2706 probabilem.
693 2624 778 2700 Quod
779 2624 919 2714 pluribus
931 2627 1110 2707 orpumentis

340 2717 516 2792 ostenditur
528 2717 644 2778 tandem
655 2717 707 2778 sub
718 2715 806 2799 finem
820 2715 964 2795 admonet,
982 2719 1107 2797 multos,

340 2828 375 2870 ac
384 2809 579 2888 gravissimos
589 2811 734 2870 Doctores
746 2809 788 2870 ita
794 2811 918 2888 sentire,
935 2813 1111 2873 acmaxime

340 2901 729 2980 exdiscipulisD.Tlromae.
745 2901 827 2964 Unde
835 2903 878 2964 sic
885 2910 1112 2984 urpumcntatur

342 2991 1111 3075 adtamincmcsaduersariorumsententia:Eligen-

340 3084 380 3145 da
394 3091 439 3145 est
450 3085 566 3164 opinio,
575 3086 739 3161 utvolunt,
748 3086 952 3166 probabilior:
965 3089 1018 3148 sed
1027 3089 1111 3167 qnod

340 3175 430 3236 liceat
450 3177 593 3257 amplecti
612 3177 804 3257 probabilem
827 3177 954 3260 (dimissu
971 3178 1112 3260 probabi-

341 3266 422 3349 liorr)
453 3275 498 3330 est
526 3269 630 3349 opinio
658 3268 857 3349 probabilior,
893 3289 965 3332 cum
998 3271 1110 3332 babeat

340 3362 456 3439 plures,
481 3381 516 3422 ac
538 3361 733 3441 granssimos
753 3368 904 3439 auctores,
926 3369 957 3424 et
974 3363 1112 3424 firmiora

340 3452 553 3528 laudamento,
569 3473 664 3533 quam
680 3454 829 3534 opposita,
847 3461 882 3515 ut
896 3473 934 3515 ex
948 3445 1111 3534 progressu

341 3544 434 3622 hujus
448 3544 661 3624 disputationis
675 3552 813 3622 constat;
828 3565 902 3626 ergo
912 3552 969 3608 etc.
989 3593 1009 3624 „

382 3637 499 3697 Eodem
525 3637 589 3698 fere
614 3643 753 3718 tempore
777 3639 887 3700 Petrus
909 3639 1109 3716 Arragonius,

340 3727 474 3790 altarum
501 3729 719 3808 Augustiniani
744 3731 778 3791 in
811 3729 959 3810 Hispania
987 3731 1110 3791 Ordinis

341 3821 434 3892 sidus,
452 3821 548 3882 edidit
562 3823 789 3883 Commentaria
802 3824 835 3883 in
850 3825 879 3883 6.
896 3825 926 3882 i.
944 3821 1105 3902 pracloro,

342 3920 369 3973 ct
381 3911 594 3988 eruditissima,
608 3919 643 3975 ut
655 3920 745 3974 vacat
754 3915 870 3976 Elssius
883 3914 916 3974 in
922 3914 1113 3975 Bibliotheca

341 4003 575 4084 Augustiniana.
592 4005 709 4079 Quaerit
722 4012 826 4067 autem
839 4005 914 4067 dub.
937 4006 1056 4086 penult.
1073 4007 1113 4067 ad

341 4102 400 4156 art.
418 4100 447 4157 4.
465 4102 574 4176 quaest.
591 4099 642 4158 63.
655 4098 705 4158 An
718 4098 760 4158 sit
775 4096 888 4158 licitum
902 4097 985 4178 sequi
996 4098 1110 4178 opinio-

343 4207 407 4248 nem
417 4187 611 4269 probabilem,
634 4209 690 4249 non
704 4189 843 4267 obstante,
863 4188 942 4270 quod
960 4190 1111 4252 contrario

341 4279 383 4340 sit
391 4279 585 4361 probabilior.
601 4283 701 4362 Atque
710 4282 765 4342 ubi
778 4283 914 4360 Cajetani
928 4283 1110 4343 sententiam

343 4372 504 4450 proposuit
530 4390 602 4433 cum
629 4373 774 4434 omnibns
802 4374 868 4452 ejus
889 4373 1110 4449 fundamentis,

344 4463 470 4523 subdit:
487 4462 533 4523 llis
553 4473 649 4525 tamen
673 4485 730 4526 non
752 4464 929 4526 obstantibus
942 4464 1017 4540 dico,
1034 4465 1112 4546 quod

343 4555 491 4616 contraria
506 4557 649 4617 sententio
668 4565 709 4618 est
733 4556 817 4638 lonpe
830 4555 1028 4638 probabilior.
1048 4559 1114 4631 Qua

343 4645 377 4706 in
390 4647 556 4708 assertione
578 4649 818 4728 comprobanda,
835 4654 865 4709 ct
880 4649 1043 4710 contrariis
1062 4668 1112 4710 ar-

343 4740 499 4819 gumentis
520 4739 720 4802 dissolvendis
743 4742 860 4803 multus
881 4747 938 4820 est,
954 4746 1046 4822 atquc
1060 4760 1112 4803 co·

345 4851 460 4912 prosus.

383 4925 459 4986 Tam
473 4925 629 5004 preclaris
643 4925 768 4986 Ordinis
781 4925 828 4987 sui
845 4926 1025 4987 Ductoribus
1039 4944 1111 4987 con-

344 5017 437 5077 sentit
449 5017 623 5078 Ludovicus
645 5018 684 5078 de
698 5018 770 5097 Beja
783 5018 814 5078 in
836 5018 928 5079 variis
938 5018 1112 5097 responsio-

345 5109 437 5170 nibus
451 5127 578 5171 casuum
592 5110 804 5184 Conscientiae,
830 5111 885 5189 qui
903 5127 1007 5171 caram
1021 5110 1113 5171 Illus-

344 5200 959 5263 trissimoacReverendissimoOardinali
967 5201 1113 5263 Palaeotto

344 5293 579 5376 Arcbiepiscopo
607 5294 794 5357 Bonomensi
817 5293 851 5355 in
872 5295 1114 5374 Congregatiane

380 5487 391 5539 t
417 5488 500 5542 66616
520 5491 587 5544 ctiam
607 5491 759 5546 Christianum
773 5491 859 5558 Lupum
871 5490 894 5544 in
916 5492 1113 5546 dissertationem

1151 514 1338 576 Clcrlccrnm
1357 511 1517 591 propositi,
1539 517 1570 572 et
1587 511 1681 572 decisi
1699 513 1855 592 fueruntp.
1867 515 1889 572 2.
1967 545 1968 558 ι

1151 606 1229 666 Casu
1250 607 1281 664 6.
1302 603 1445 664 editionis
1467 601 1633 682 Olissipon.
1657 622 1733 664 ann.
1757 606 1838 666 1610.
1850 605 1893 664 sol.

1153 697 1222 757 161.
1237 695 1295 756 661.
1324 697 1355 756 2.
1378 693 1418 756 Si
1436 693 1535 755 ultera
1559 692 1649 776 (pars)
1665 695 1752 756 etaiam
1766 694 1895 776 estprola-

1153 786 1234 856 bilis.
1250 795 1279 848 et
1291 793 1444 867 propterca
1457 804 1558 848 seuera
1570 793 1599 846 ct
1613 794 1690 863 tuto,
1712 805 1746 847 ac
1758 806 1808 867 per
1824 805 1897 848 curu
1968 864 1969 867 Ἴ

1151 898 1241 960 quens
1262 877 1378 940 nullum
1397 876 1501 938 babens
1523 877 1702 959 periculum·
1732 877 1809 938 illam
1823 879 1896 960 sequi,
1968 874 1969 953 ζ

1152 969 1255 1031 relicto
1269 968 1480 1051 probabiliori,
1498 968 1604 1051 absque
1621 978 1738 1051 peceato
1751 987 1898 1052 6666666

1153 1081 1205 1124 ncc
1231 1081 1340 1143 semper
1359 1068 1489 1122 tenemur
1512 1061 1650 1122 tutiorem
1676 1069 1789 1143 portem
1802 1060 1899 1143 eligere,

1152 1151 1327 1234 sedsuspicit
1341 1151 1566 1234 elipcrctutom.

1195 1246 1301 1308 Obiter
1324 1245 1460 1324 quidem,
1484 1245 1537 1306 sed
1552 1245 1712 1326 perspicue
1732 1244 1807 1307 illud
1819 1246 1903 1326 ipsura
1968 1236 1969 1247 ¹

1153 1339 1261 1400 asserit
1286 1337 1414 1398 Basilius
1438 1337 1577 1413 Pontius,
1600 1355 1695 1416 quem
1717 1337 1804 1398 miris
1817 1338 1904 1418 elogiis

1154 1435 1285 1492 exornat
1297 1429 1410 1490 Elssius
1418 1429 1903 1509 inEncomiasticoAnguslininnc,

1154 1522 1232 1583 etde
1242 1540 1304 1601 quo
1314 1517 1816 1601 Aubertusbiirscussiclaquitur:
1830 1523 1907 1582 uFait
1968 1550 1969 1607 3

1155 1614 1328 1678 Academiae
1343 1613 1592 1674 Salmanticcnsis
1605 1613 1692 1674 baud
1703 1614 1848 1693 exiguum
1863 1633 1906 1674 suo
1968 1626 1969 1635 ¹

1155 1723 1221 1767 aevo
1243 1707 1346 1775 decus,
1367 1705 1401 1766 in
1417 1725 1479 1785 qua
1491 1705 1626 1786 primam
1640 1705 1674 1767 in
1690 1707 1853 1786 Theologia
1864 1708 1907 1767 da·

1154 1798 1297 1860 thedram
1311 1798 1488 1859 moderatus
1501 1804 1557 1874 est,
1565 1815 1687 1859 summa
1699 1817 1772 1860 cum
1786 1799 1907 1860 omnium

1155 1890 1258 1960 laude,
1283 1909 1319 1951 ac
1346 1908 1425 1970 pena
1452 1896 1578 1971 stupore
1606 1889 1658 1950 lib.
1688 1892 1719 1952 1.
1741 1889 1908 1968 debiatrin,

1156 2001 1221 2065 cap.
1233 1984 1283 2044 ⁰25.
1297 2001 1328 2044 n.
1344 1985 1376 2044 9.
1393 1984 1470 2044 Cum
1487 1987 1560 2043 sunt
1580 1983 1674 2043 variae
1691 1983 1858 2064 opiniones,
1871 1983 1909 2044 in·
1967 1987 1968 2040 3

1157 2073 1235 2156 quit,
1260 2074 1299 2136 de
1322 2074 1517 2136 observantia
1542 2073 1672 2155 alicujus
1691 2076 1847 2156 praecepti,
1860 2095 1912 2138 uon

1156 2167 1193 2227 fit
1209 2166 1408 2228 irreverentia
1431 2166 1624 2246 Lagislatori,
1647 2185 1749 2247 nequa
1762 2173 1912 2248 uansgrm

1157 2258 1202 2318 sio
1213 2264 1366 2336 censetur,
1379 2257 1463 2337 quod
1472 2263 1618 2338 operetur
1631 2258 1744 2339 aliquis
1758 2260 1913 2321 secundnm

1158 2350 1338 2431 opinionem
1351 2349 1545 2430 probabilem
1559 2349 1665 2411 minus
1676 2357 1778 2412 tutam
1789 2351 1810 2414 ¹.
1827 2373 1841 2409 a

1198 2442 1359 2522 Conspirat
1390 2442 1424 2503 in
1438 2443 1580 2504 eamdem
1607 2445 1796 2506 sententiam
1820 2446 1916 2505 Petrus

1158 2534 1287 2614 Carnejo
1320 2534 1580 2614 prccstantissimus
1620 2553 1660 2596 ex
1694 2535 1916 2597 Carmelitarum

1160 2627 1275 2686 Ordine
1290 2626 1539 2687 salmanticensis
1558 2626 1734 2689 Academia.
1755 2629 1874 2706 Doctar,
1887 2627 1918 2688 dc

1159 2719 1246 2797 cujus
1269 2717 1410 2800 stupendo
1429 2719 1554 2798 ispanio,
1574 2727 1601 2779 et
1619 2719 1789 2800 multiplici
1802 2719 1918 2781 cladrim

1158 2815 1226 2870 tum
1249 2810 1309 2871 alia
1336 2809 1435 2871 mulla
1456 2817 1679 2872 commemorat
1691 2812 1830 2874 loannes
1843 2815 1920 2873 Sanc

1158 2901 1220 2963 tius
1243 2901 1362 2962 d’rlvlla
1389 2901 1557 2982 Episcopus
1584 2904 1784 2964 Placentinus
1811 2905 1844 2965 in
1865 2905 1920 2982 ejas

1158 2993 1222 3054 vita
1236 2999 1311 3057 tom.
1328 2995 1358 3054 2.
1374 2993 1510 3073 praelixa,
1526 3000 1596 3055 tum
1612 2995 1646 3055 id
1666 2997 1838 3076 praecipue,
1852 2996 1922 3076 quod

1159 3085 1273 3146 Paulus
1287 3087 1313 3146 V
1329 3087 1478 3146 Summus
1492 3086 1635 3148 Pontifex
1648 3105 1713 3148 vore
1726 3088 1854 3170 dipnum
1874 3087 1922 3150 Ec·

1159 3175 1251 3238 clesicc
1280 3177 1338 3238 Dei
1362 3176 1518 3239 Doctorem
1545 3178 1719 3259 appellauit.
1753 3181 1806 3242 Sic
1832 3187 1923 3241 autem

1159 3269 1253 3330 habet
1274 3271 1308 3330 iu
1333 3273 1360 3333 l.
1387 3275 1415 3334 2.
1440 3276 1477 3331 tr.
1501 3273 1532 3333 8.
1548 3271 1627 3351 disp.
1643 3275 1673 3333 3.
1690 3273 1770 3334 dub.
1785 3276 1817 3335 6.
1832 3273 1923 3333 ubide

1160 3361 1923 3443 industria,acprolixcquaestioucmistamtractat:

1161 3453 1279 3515 licitum
1302 3463 1344 3516 est
1370 3454 1454 3536 sequi
1474 3454 1507 3514 in
1532 3455 1627 3536 moui
1648 3455 1822 3536 opinionem
1842 3457 1925 3517 mines

1158 3545 1351 3626 probabilem,
1379 3555 1406 3607 et
1424 3548 1522 3608 minus
1544 3553 1658 3626 tutam,
1683 3548 1748 3610 siue
1768 3551 1923 3632 proprium,

1159 3638 1217 3700 siue
1238 3638 1378 3716 alienam,
1401 3637 1557 3700 dummodo
1576 3641 1616 3700 sit
1637 3639 1823 3721 simpliciter
1835 3639 1928 3724 patu

1162 3728 1243 3791 bilis.
1265 3730 1315 3792 Ito
1330 3729 1430 3792 docent
1452 3731 1647 3793 communiter
1666 3734 1856 3810 recentioms,
1878 3733 1929 3795 tte

1161 3819 1232 3882 dina
1245 3828 1300 3882 etc.
1318 3824 1405 3884 Hanc
1414 3823 1646 3884 conclusionem
1657 3825 1753 3886 variis
1767 3825 1928 3888 rationibus

1162 3914 1284 3993 probat,
1308 3921 1340 3975 et
1364 3916 1525 3977 contrariae
1560 3916 1723 3978 sententies
1747 3919 1930 3998 argumentis

1163 4012 1306 4067 accurate
1317 4009 1494 4088 respondet.

1200 4099 1277 4160 Tam
1299 4100 1454 4180 insignem
1478 4099 1603 4161 Ordinis
1623 4101 1671 4161 sui
1684 4100 1933 4183 Theologumsa·

1161 4191 1267 4271 quitur
1280 4193 1416 4254 loamrcs
1429 4194 1564 4273 baptista
1578 4193 1617 4254 dc
1627 4194 1750 4255 Lcmua
1760 4196 1799 4256 iu
1814 4197 1932 4257 Summi

1162 4285 1370 4362 questionum
1386 4285 1577 4365 regularium
1595 4290 1672 4346 tom.
1688 4289 1719 4348 3.
1738 4287 1782 4350 de
1797 4290 1934 4370 opinione

1161 4377 1354 4456 regularibus
1370 4378 1503 4438 tenenda
1516 4395 1604 4441 num.
1621 4379 1651 4439 5.
1663 4397 1739 4459 pag.
1757 4383 1834 4442 468.
1849 4381 1934 4442 «Dico

1162 4468 1758 4550 secunda,regulariterlcquendoposse
1768 4474 1934 4554 religiosos,

1162 4561 1225 4621 sive
1238 4561 1271 4621 in
1282 4562 1449 4640 operanda,
1467 4561 1578 4623 sivein
1592 4563 1790 4626 consulendo
1806 4567 1884 4640 aliis,
1897 4563 1936 4625 uti

1162 4652 1308 4732 opinione
1336 4653 1430 4714 etiam
1457 4655 1563 4715 minus
1587 4655 1756 4735 probabili,
1791 4665 1825 4720 st
1842 4661 1937 4720 minus

1162 4749 1240 4822 tuta,
1266 4745 1373 4807 relicta
1396 4746 1523 4825 tardari,
1556 4754 1588 4808 ct
1608 4747 1821 4828 probabiliori
1853 4750 1938 4814 etiam

1162 4837 1296 4917 propria.
1320 4857 1336 4895 n

1205 4925 1351 5005 Sequitur
1385 4931 1416 4988 et
1455 4927 1599 4990 Urbanus
1622 4929 1662 4990 ab
1690 4930 1887 4996 ascensam
1909 4931 1938 4991 in

1162 5017 1329 5096 Theologia
1345 5018 1458 5080 Murali
1477 5026 1566 5082 tract.
1591 5024 1621 5081 1.
1645 5040 1672 5082 6.
1689 5025 1741 5083 ll.
1759 5025 1813 5086 liis
1822 5025 1936 5086 verbis:

1164 5108 1235 5184 Qui's
1242 5107 1356 5171 dubitet
1367 5109 1481 5172 bomini
1493 5109 1772 5194 (dnasprobabilcs
1783 5117 1938 5198 opinions

1163 5201 1202 5263 dc
1216 5201 1324 5262 cadem
1340 5219 1375 5263 re
1388 5202 1446 5264 sibi
1459 5203 1657 5286 proponenti)
1681 5204 1774 5270 licere
1787 5229 1879 5292 quam
1899 5227 1938 5268 ro

1164 5291 1254 5354 luerit
1276 5293 1438 5375 opinionem
1466 5303 1578 5372 tenera·
1597 5296 1655 5359 imo
1677 5297 1775 5362 ctiam
1792 5297 1938 5384 prnbabili

1161 5492 1275 5558 opinione
1290 5491 1419 5559 probabili.
