3976 6342
339 453 396 511 102
954 441 1066 510 LIBER
1088 443 1321 508 PNOCllelUS

337 623 529 697 exoptarent,
559 623 604 691 ut,
630 637 692 698 quo
719 617 786 679 lieri
807 617 975 680 solemnius
993 621 1105 695 posset,
1157 616 1299 676 Nostram
1318 615 1460 694 dirigere,
1474 619 1505 676 st
1530 611 1713 677 ‹mudrmme
1732 617 1903 694 dignaretur,

336 729 518 792 supremum
543 713 690 772 Nostrum
712 712 863 791 judicium
887 711 1106 791 proferremus.
1156 707 1322 788 implorato
1335 707 1488 770 universae
1503 709 1632 771 ccelesiis
1653 709 1753 774 Curia
1768 709 1904 790 prasidio,

377 805 447 864 Nou
463 805 612 866 mediocri
635 810 717 866 certe
743 806 852 866 solatio
874 803 973 865 allecti
993 803 1108 863 fuimus
1158 805 1189 862 ct
1202 801 1348 862 advocato
1363 819 1436 863 cum
1453 801 1618 882 gemitibus
1629 801 1781 864 Pamclito
1796 801 1904 882 Spiritu,
1965 817 1966 822 ’

337 897 391 957 ubi
401 898 582 958 eorumdem
592 898 825 959 Venerabilium
838 899 981 958 Fratrum
994 896 1033 956 ad
1048 897 1109 956 Nos
1158 913 1256 975 coque
1280 897 1322 956 sic
1336 897 1521 975 adspirante,
1537 896 1576 956 ad
1588 897 1742 956 honorem
1760 897 1870 957 Sancta
1885 903 1908 958 et

337 1009 484 1071 respousa
509 997 673 1052 venerunt.
707 993 786 1052 Nam
815 991 911 1051 iidem
938 987 1108 1049 incredibili
1159 988 1328 1050 Indiuiduae
1337 987 1505 1064 Trinitatis,
1516 989 1554 1048 ad
1564 989 1658 1049 decus
1668 993 1698 1048 et
1709 994 1908 1049 ornamentum

338 1083 472 1162 quadem
488 1084 693 1162 jucunditate,
710 1085 827 1160 notitia,
844 1103 879 1144 ac
894 1083 1001 1144 Studio
1016 1081 1110 1142 Nobis
1159 1082 1294 1160 Virginis
1306 1081 1499 1161 Dciparae,ad
1512 1081 1729 1143 exaltationem
1738 1081 1910 1142 Fidsicetho

339 1177 540 1237 rescribentes
558 1196 623 1238 nou
639 1179 739 1239 solum
760 1177 949 1256 singularem
963 1192 1062 1248 suam,
1080 1179 1111 1235 et
1158 1173 1235 1250 licae,
1260 1178 1291 1234 et
1316 1173 1495 1236 Christiane
1519 1174 1688 1252 Religionis
1712 1177 1909 1252 augmentum,

339 1269 456 1350 proprii
470 1272 618 1350 cujusque
639 1271 725 1346 cleri,
741 1270 910 1350 populique
927 1268 1026 1329 tidelis
1038 1285 1110 1346 erga
1159 1266 1340 1327 auctoritate
1355 1267 1478 1326 Domini
1492 1267 1595 1328 Nostri
1608 1268 1680 1328 iesu
1693 1267 1816 1343 Christi,
1826 1267 1911 1328 beato

339 1363 768 1424 Immaculatumbcatlssimae
776 1363 913 1442 Virginis
921 1363 1110 1440 Conceptum
1159 1377 1231 1420 rum
1252 1359 1471 1439 Apostolorum
1493 1359 1575 1420 Petri
1596 1367 1627 1420 et
1646 1359 1747 1434 Pauli,
1768 1377 1803 1420 ac
1821 1359 1913 1421 Nostra

339 1455 495 1534 pietatem,
520 1464 720 1537 mentemque
747 1457 850 1517 denuo
873 1455 1107 1530 confirmarunt,
1160 1453 1351 1513 declaramus
1363 1453 1605 1531 pronunciamus
1619 1457 1650 1513 et
1663 1451 1839 1525 definimus,
1853 1451 1913 1513 doc·

339 1549 566 1610 verumetiam
593 1549 750 1610 communi
778 1548 874 1610 veluti
887 1553 958 1607 voto
978 1565 996 1607 a
1014 1547 1109 1607 Nobis
1160 1546 1285 1614 trinam,
1316 1563 1386 1625 quac
1414 1543 1500 1606 tenet
1530 1544 1739 1606 beatissimam
1773 1545 1914 1624 Virginem

340 1642 586 1720 expostularunt,
602 1647 638 1702 ut
652 1641 852 1702 Immaculata
867 1640 963 1721 ipsius
976 1639 1111 1718 Virginis
1160 1637 1290 1699 Mariam
1310 1638 1344 1698 iu
1362 1637 1462 1718 primo
1482 1638 1611 1698 instanti
1633 1657 1697 1699 sues
1716 1639 1915 1718 Conceptiouis

340 1735 505 1820 Conceptio
528 1753 673 1813 supremo
697 1736 808 1795 Nostro
818 1729 936 1812 judicio
951 1735 982 1792 et
1000 1739 1109 1792 sueto*-
1161 1731 1252 1792 luisse
1277 1731 1425 1811 singulari
1448 1731 1668 1811 omnipotentis
1694 1729 1751 1792 oei
1779 1731 1871 1808 gratia
1893 1735 1916 1790 et

340 1827 430 1888 ritete
449 1825 647 1888 detineretur.
672 1829 734 1888 Nec
756 1827 869 1888 minori
887 1831 968 1886 certe
986 1825 1110 1886 interim
1161 1823 1333 1903 privilegio,
1357 1825 1473 1885 iutuitu
1500 1825 1684 1885 meritorum
1717 1823 1831 1885 Christi
1858 1823 1915 1884 lesu

340 1919 455 1997 gaudio
477 1919 591 1998 pcrfirsi
611 1937 728 1996 sumus,
750 1938 823 1980 cum
836 1919 900 1978 VV.
918 1918 973 1978 FF.
990 1919 1054 1978 NN.
1077 1920 1107 1980 S.
1163 1916 1327 1978 Salvatoris
1338 1917 1468 1977 humani
1477 1918 1610 1996 generis
1622 1917 1661 1978 ab
1676 1918 1765 1977 omni
1779 1915 1916 1996 origich

342 2013 378 2072 u.
409 2013 443 2071 E.
470 2011 647 2074 cardinales
673 2016 922 2074 commemoratae
950 2010 1112 2090 peculiaris
1162 2009 1260 2089 culpae
1283 2009 1351 2071 labe
1376 2017 1595 2090 praeservatam
1626 2010 1815 2085 immunem,
1835 2028 1917 2072 esses

342 2105 597 2184 Congregationis
614 2111 646 2166 et
669 2106 804 2185 praedicti
819 2104 966 2182 Theologi
987 2103 1113 2165 Consul·
1162 2103 1225 2163 lieo
1251 2102 1430 2175 revelatam,
1459 2107 1551 2182 atque
1578 2103 1693 2163 idcirco
1719 2103 1760 2164 ab
1792 2103 1916 2164 omnibus

341 2203 424 2257 tores
444 2215 463 2256 a
486 2198 581 2258 Nobis
601 2199 689 2259 electi
710 2197 777 2278 pari
795 2196 949 2258 alacritate
968 2201 998 2256 et
1012 2197 1112 2256 studio
1161 2195 1304 2258 fidelibus
1327 2196 1459 2257 firmiter
1479 2201 1717 2274 constanterque
1736 2197 1916 2258 credendam.

342 2295 413 2370 post
432 2307 563 2351 examen
590 2291 753 2370 diligenter
775 2290 948 2351 adhibitum
968 2289 1048 2348 lianc
1074 2290 1112 2350 dc
1163 2293 1356 2371 Quapropter
1366 2291 1391 2349 si
1406 2289 1459 2369 qui
1475 2309 1563 2350 secus
1574 2309 1609 2351 ac
1622 2309 1641 2350 a
1656 2289 1754 2350 Nobis
1773 2291 1918 2351 definitum

342 2383 544 2442 Immaculata
569 2383 707 2463 Deiparae
731 2382 937 2462 conceptione
957 2381 1111 2442 defiuitio—
1163 2390 1218 2458 est,
1235 2383 1318 2462 quod
1333 2380 1413 2443 Deus
1427 2387 1554 2460 avertat,
1571 2383 1829 2463 praesumpserint
1845 2383 1918 2444 corde

343 2492 417 2536 uem
429 2491 448 2534 a
460 2474 554 2535 Nobis
567 2475 822 2555 efflagitaverint..
1163 2477 1288 2554 sentire,
1303 2475 1325 2537 ii
1339 2475 1493 2552 noverint,
1504 2495 1540 2537 ac
1550 2495 1641 2556 porro
1655 2477 1765 2549 sciant,
1776 2475 1919 2556 sepmprio

385 2567 457 2628 Post
476 2566 542 2627 haec
565 2568 736 2628 illustribus
757 2567 1016 2630 predecessorum
1036 2569 1112 2629 Nos·
1159 2569 1275 2652 judicio
1291 2569 1522 2646 condemnatos,
1536 2569 1734 2649 naufragium
1751 2569 1919 2631 cireaiideu

342 2667 465 2720 trorum
487 2661 621 2739 vestigiis
634 2661 831 2736 inherentes,
851 2679 886 2721 ac
895 2663 952 2722 rite
972 2668 1114 2742 recteque
1164 2681 1268 2745 passos
1282 2681 1357 2739 esse,
1378 2668 1408 2723 at
1422 2663 1460 2724 ab
1473 2661 1592 2724 unitate
1616 2662 1761 2724 Ecclesia
1782 2662 1918 2732 deiecisse,
1987 2656 1988 2677 ¹

343 2755 509 2832 procedere
539 2759 680 2833 optantes
705 2753 875 2813 indiximus
896 2759 926 2814 et
948 2754 1115 2816 habuimus
1165 2755 1449 2837 acpraetereaiaoto
1464 2756 1599 2835 ipsosne
1615 2760 1713 2816 semet
1727 2757 1829 2836 poenis
1842 2773 1857 2816 e
1864 2756 1920 2834 jure

345 2847 577 2922 Consistorium,
606 2847 639 2906 in
674 2863 736 2925 qno
768 2846 966 2906 Venerabiles
996 2847 1115 2909 Fratres
1165 2851 1272 2910 statuis
1281 2849 1430 2928 subjicere
1444 2849 1469 2908 si
1482 2847 1564 2927 quod
1575 2849 1666 2909 corde
1681 2849 1831 2924 sentiunt,
1843 2847 1921 2908 uerbo
1987 2882 1988 2885 =

345 2937 471 2998 Nostros
485 2939 605 2998 Sanciae
620 2939 767 2999 Romanas
786 2938 927 2998 Ecclesiae
942 2939 1115 3001 Cardinales
1165 2947 1219 3002 aut
1244 2943 1367 3021 scripto,
1396 2940 1445 3000 rel
1470 2940 1531 3000 alio
1552 2941 1662 3020 quovis
1688 2945 1819 3001 externo
1845 2939 1922 3001 modo

346 3030 496 3108 alloquuti
511 3049 628 3105 sumus,
641 3048 754 3110 eosque
766 3047 886 3091 summa
902 3031 1000 3091 animi
1015 3035 1115 3095 Nostri
1165 3035 1337 3114 significare
1349 3033 1415 3095 ausi
1429 3031 1553 3094 sursunt.

347 3123 554 3185 consolatione
568 3125 743 3185 audivimus
756 3143 774 3184 a
788 3124 877 3184 uobis
891 3141 1064 3204 exposcere,
1081 3133 1124 3204 ut,
1206 3126 1368 3207 Replatum
1383 3125 1509 3205 quidem
1519 3131 1565 3186 est
1578 3125 1691 3204 gaudio
1706 3145 1741 3187 os
1757 3127 1924 3188 Nostmmat

347 3215 553 3295 dogmaticam
567 3218 605 3277 dc
620 3216 819 3276 Immaculata
831 3216 969 3296 Dciparae
981 3219 1116 3297 Virginis
1166 3220 1270 3298 lingua
1285 3219 1393 3280 Nostra
1414 3219 1615 3286 exultatione,
1637 3223 1731 3297 atque
1745 3219 1924 3280 humillimas

347 3309 552 3389 Conceptione
566 3309 779 3370 definitionem
794 3311 934 3370 emittere
953 3311 1113 3374 vellemus.
1166 3313 1377 3390 maximasque
1408 3311 1528 3372 Christo
1564 3311 1638 3371 lesu
1663 3311 1800 3374 Domino
1832 3313 1924 3372 Nostro

387 3405 493 3482 Itaque
511 3403 683 3482 plurimum
696 3403 729 3462 iu
749 3403 881 3462 Domino
900 3404 1007 3464 conlisi
1024 3406 1115 3467 adve-
1167 3405 1287 3484 agimus
1308 3409 1339 3464 et
1351 3419 1473 3482 semper
1494 3420 1622 3481 agemus
1636 3403 1764 3482 gratim,
1780 3405 1862 3485 quod
1874 3404 1924 3464 siu·

348 3497 429 3556 uisse
441 3501 619 3574 temporum
629 3495 891 3573 opporttmitatcm
901 3514 958 3576 pro
970 3497 1118 3560 Immacu-
1166 3497 1266 3578 gulari
1280 3515 1336 3558 suo
1349 3495 1499 3556 beneficio
1514 3495 1608 3556 Nobis
1621 3495 1925 3559 lieetimmereutibus

347 3588 410 3648 lata
422 3587 620 3648 sanctissimae
634 3587 689 3646 Dei
698 3588 857 3648 Genitricis
868 3589 1004 3667 Virginis
1013 3592 1117 3653 Mariae
1167 3589 1349 3652 concesserit
1356 3589 1601 3650 huuchonorem
1610 3593 1704 3669 atque
1718 3589 1803 3652 hanc
1812 3589 1925 3670 gloriam

349 3680 558 3760 Conceptione
567 3679 753 3754 delinienda,
764 3699 857 3759 quam
870 3681 975 3742 divina
984 3683 1116 3763 eloquis,
1168 3689 1199 3746 et
1215 3683 1339 3744 laudem
1363 3681 1562 3742 sanctissime
1582 3699 1647 3743 suae
1667 3683 1761 3743 Matri
1786 3683 1926 3744 offerrret

348 3773 1115 3856 venerandatraditio,perpctunsEcclesiaesensuq
1165 3759 1343 3838 decernere.
1386 3774 1560 3836 Certissima
1591 3793 1666 3836 vcro
1696 3795 1752 3856 spe
1792 3783 1824 3838 ct
1855 3775 1927 3836 omui

349 3866 512 3945 singularis
533 3864 753 3925 catholicorum
772 3865 964 3940 Antistitum
989 3870 1117 3931 aclide·
1168 3887 1293 3950 prorsus
1306 3867 1418 3929 fiducie
1438 3867 1569 3928 nitimur
1593 3865 1669 3940 iore,
1690 3874 1726 3929 nt
1750 3871 1821 3950 ipsa
1835 3869 1928 3931 beatis

349 3959 427 4019 lium
443 3957 629 4036 conspiratio
652 3963 683 4018 et
705 3958 838 4036 insignia
858 3959 1119 4024 Preedeeessorum
1168 3961 1362 4040 simaVirgo,
1378 3977 1448 4041 quse
1460 3965 1524 4020 tota
1547 3957 1677 4040 pulchra
1692 3967 1723 4023 et
1738 3961 1927 4024 Immaculata

350 4052 534 4110 Nostrorum
547 4056 623 4123 acta,
639 4050 873 4110 constitutiones
892 4051 1020 4113 mirifice
1033 4053 1118 4115 illus·
1168 4071 1358 4116 renenosum
1373 4051 1577 4113 crruielissimi
1590 4053 1740 4132 serpentis
1765 4057 1858 4134 eaput
1870 4071 1928 4114 cou-

351 4145 534 4221 trantatque
547 4143 717 4216 declarant3
733 4143 825 4203 rebus
839 4144 1120 4222 omnibusdiiigeu-
1169 4149 1262 4218 trivit,
1293 4151 1323 4206 et
1347 4143 1478 4205 salutem
1505 4144 1607 4205 attulit
1641 4145 1775 4220 mundo,
1813 4163 1927 4226 quasque

352 4234 468 4294 tissime
490 4234 658 4313 perpensis,
675 4240 705 4294 et
723 4235 862 4310 assiduis,
876 4236 1061 4318 fervidisque
1081 4241 1119 4301 ad
1170 4237 1404 4318 Prophetarum,
1434 4235 1714 4317 Apostolorumque
1737 4239 1926 4318 praeconium,

353 4327 453 4386 Deum
471 4324 612 4404 precibus
632 4324 745 4400 eiiusis,
761 4327 892 4388 minime
912 4332 1120 4393 cunctandum
1170 4337 1200 4393 et
1213 4331 1314 4392 honor
1332 4329 1517 4408 Martyrum,
1534 4329 1741 4410 omniumque
1757 4333 1928 4393 Sanctorum

353 4417 448 4477 Nobis
462 4435 526 4477 esse
538 4417 714 4478 censuimus
727 4435 872 4497 supremo
884 4421 994 4482 Nostro
1005 4423 1121 4501 judicio
1169 4423 1274 4485 letitia
1286 4428 1316 4484 et
1328 4441 1452 4490 corona,
1462 4439 1595 4501 quaeque
1610 4422 1804 4484 tutissimum
1818 4429 1928 4486 cundo·

355 4510 588 4571 immaculatam
610 4510 706 4588 ipsius
728 4511 863 4589 Virginis
883 4513 1121 4594 Conceptionam
1169 4535 1239 4577 rum
1268 4513 1507 4595 periclitantium
1531 4515 1722 4594 perfugium,
1748 4523 1781 4578 et
1798 4517 1930 4578 fidissima

355 4603 484 4676 saache,
500 4601 639 4676 delinire,
650 4607 742 4680 atque
755 4603 798 4663 ita
812 4605 1010 4682 pientissimis
1019 4609 1122 4669 catho-
1170 4607 1355 4680 auxiliatrix,
1373 4623 1408 4668 ac
1421 4607 1516 4667 totius
1529 4611 1684 4668 terrarum
1695 4607 1780 4669 orbis
1794 4609 1928 4689 potentis·

355 4695 405 4754 lici
438 4693 522 4754 orbis
556 4693 722 4769 desideriis,
751 4695 930 4775 Nostreeque
964 4699 997 4758 iu
1022 4700 1121 4779 ipsam
1170 4703 1248 4762 sima
1259 4701 1341 4781 apud
1356 4701 1552 4779 unigenitum
1580 4697 1695 4761 Filium
1715 4717 1811 4762 suum
1831 4699 1930 4764 media·

356 4787 578 4846 sanctissimam
595 4785 754 4862 Virginem
768 4786 872 4866 pietati
889 4790 1071 4866 satisfacere,
1088 4811 1123 4855 ac
1169 4795 1240 4864 trix,
1279 4799 1310 4854 et
1348 4790 1550 4868 conciliatrix,
1595 4809 1631 4852 ae
1671 4793 1930 4872 preclarissimus

355 4880 450 4939 simul
460 4879 493 4938 iu
504 4879 572 4956 lpse
583 4877 782 4956 Unigenitum
792 4879 905 4940 Filium
920 4899 1012 4943 suum
1022 4885 1124 4945 Domi·
1171 4886 1312 4947 Ecclesiae
1326 4889 1437 4945 sanctes
1450 4885 1543 4944 decus
1555 4887 1824 4962 eternameutum,
1835 4885 1931 4948 firmis

356 4987 434 5031 num
448 4971 593 5030 Nostrum
614 4971 720 5031 iesum
743 4971 897 5032 Christum
920 4977 1019 5053 magis
1031 4991 1123 5056 atque
1171 4980 1347 5057 simnmque
1361 4975 1820 5059 praesidium,cunetassemper
1833 4979 1931 5040 intare

356 5065 455 5142 magis
466 5061 681 5140 honorificare,
697 5081 768 5124 cum
782 5065 814 5124 in
838 5063 948 5126 Filium
971 5068 1124 5131 redundet
1171 5072 1229 5132 mit
1242 5070 1384 5142 hereses,
1405 5077 1435 5129 at
1449 5068 1555 5130 fideles
1578 5069 1721 5148 populos,
1741 5077 1931 5151 gentesqnea

357 5155 506 5235 quidquid
523 5154 649 5214 honoris
663 5161 694 5215 et
706 5155 805 5216 laudis
818 5157 851 5216 in
866 5159 994 5220 blalrcm
1006 5161 1125 5241 impen·
1172 5161 1316 5224 maximis
1329 5162 1431 5221 omnis
1444 5161 1565 5240 generis
1577 5159 1806 5224 calamitatibus
1819 5164 1928 5243 eripuit,

357 5251 449 5311 ditur.
1172 5273 1208 5316 ac
1221 5256 1283 5316 Nos
1297 5254 1466 5332 ipsosstot
1479 5251 1699 5332 ingruentibus
1711 5255 1856 5334 periculis
1869 5253 1931 5316 libe

399 5344 498 5416 Quare
520 5345 684 5419 postquam
704 5357 865 5420 nunquam
889 5342 1126 5408 intermissimus
1172 5344 1546 5421 ravit;relitvalidissimo
1560 5362 1618 5405 suo
1630 5347 1928 5426 patmciuioefficere,

359 5435 392 5493 iu
414 5433 590 5494 humilitate
608 5438 640 5492 et
660 5431 779 5509 jejunio
801 5433 935 5512 privatas
953 5436 1078 5498 Nostras
1096 5445 1127 5499 et
1172 5445 1208 5501 ut
1230 5441 1334 5499 sancta
1356 5437 1453 5499 Mater
1485 5437 1641 5499 Catholica
1668 5439 1801 5501 Ecclesia
1827 5437 1929 5502 cunctis

361 5524 650 5605 publicasEcclesiae.
663 5539 767 5602 preces
781 5523 1001 5606 DeoPatriper
1015 5529 1126 5590 Filium
1173 5531 1285 5593 amotis
1311 5529 1552 5607 difficultatibus,
1576 5532 1754 5612 cunctisque
1773 5529 1929 5612 profligetis

362 5615 434 5694 tius
445 5615 604 5678 offerrent
612 5616 744 5694 Spiritus
753 5617 855 5676 Sancti
864 5617 977 5678 virtuto
989 5628 1125 5683 mentem
1173 5624 1328 5685 erroribus
1354 5623 1544 5704 ubicumque
1570 5625 1727 5704 gentium,
1752 5625 1928 5702 ubicumque
