<?xml version="1.0" encoding="UTF-8"?>
<!DOCTYPE html PUBLIC "-//W3C//DTD XHTML 1.0 Transitional//EN"
    "http://www.w3.org/TR/xhtml1/DTD/xhtml1-transitional.dtd">
<html xmlns="http://www.w3.org/1999/xhtml" xml:lang="en" lang="en">
 <head>
  <title>
</title>
<meta http-equiv="Content-Type" content="text/html;charset=utf-8" />
  <meta name='ocr-system' content='tesseract 3.04.00' />
  <meta name='ocr-capabilities' content='ocr_page ocr_carea ocr_par ocr_line ocrx_word'/>
</head>
<body>
  <div class='ocr_page' id='page_1' title='image "./theologiamorali00busegoog_0226.png"; bbox 0 0 3938 6338; ppageno 0'>
   <div class='ocr_carea' id='block_1_1' title="bbox 338 392 1319 460">
    <p class='ocr_par' dir='ltr' id='par_1_1' title="bbox 338 392 1319 460">
     <span class='ocr_line' id='line_1_1' title="bbox 338 392 1319 460; baseline -0.007 -2"><span class='ocrx_word' id='word_1_1' title='bbox 338 399 399 460; x_wconf 76' lang='lat'><strong>216</strong></span> <span class='ocrx_word' id='word_1_2' title='bbox 944 392 1060 453; x_wconf 84' lang='lat' dir='ltr'><strong>LIBER</strong></span> <span class='ocrx_word' id='word_1_3' title='bbox 1082 392 1319 454; x_wconf 83' lang='lat' dir='ltr'>PRODROMUS</span> 
     </span>
    </p>
   </div>
   <div class='ocr_carea' id='block_1_2' title="bbox 338 556 1918 4329">
    <p class='ocr_par' dir='ltr' id='par_1_2' title="bbox 338 556 1847 625">
     <span class='ocr_line' id='line_1_2' title="bbox 338 556 1847 625; baseline -0.002 0"><span class='ocrx_word' id='word_1_4' title='bbox 338 563 452 625; x_wconf 89' lang='lat' dir='ltr'><strong>sentire</strong></span> <span class='ocrx_word' id='word_1_5' title='bbox 479 563 666 625; x_wconf 79' lang='lat' dir='ltr'><strong>alienationi.</strong></span> <span class='ocrx_word' id='word_1_6' title='bbox 697 562 751 624; x_wconf 92' lang='lat' dir='ltr'><strong>Cui</strong></span> <span class='ocrx_word' id='word_1_7' title='bbox 778 566 881 622; x_wconf 86' lang='lat' dir='ltr'><strong>eutem</strong></span> <span class='ocrx_word' id='word_1_8' title='bbox 906 559 1022 620; x_wconf 81' lang='lat' dir='ltr'><strong>donare</strong></span> <span class='ocrx_word' id='word_1_9' title='bbox 1050 576 1107 619; x_wconf 91' lang='lat' dir='ltr'><strong>uec</strong></span> <span class='ocrx_word' id='word_1_10' title='bbox 1217 556 1388 619; x_wconf 90' lang='lat' dir='ltr'>CLXXVII.</span> <span class='ocrx_word' id='word_1_11' title='bbox 1412 557 1495 620; x_wconf 86' lang='lat' dir='ltr'><strong>Idem</strong></span> <span class='ocrx_word' id='word_1_12' title='bbox 1510 557 1588 619; x_wconf 80' lang='lat' dir='ltr'><strong>libro</strong></span> <span class='ocrx_word' id='word_1_13' title='bbox 1601 557 1847 622; x_wconf 80' lang='lat' dir='ltr'><strong>deee&#39;mo-tertioed</strong></span> 
     </span>
    </p>

    <p class='ocr_par' dir='ltr' id='par_1_3' title="bbox 339 650 1628 736">
     <span class='ocr_line' id='line_1_3' title="bbox 339 650 1628 736; baseline -0.003 -20"><span class='ocrx_word' id='word_1_14' title='bbox 339 656 528 732; x_wconf 70' lang='lat' dir='ltr'><strong>conceditur,</strong></span> <span class='ocrx_word' id='word_1_15' title='bbox 555 655 752 736; x_wconf 87' lang='lat' dir='ltr'><strong>probandum</strong></span> <span class='ocrx_word' id='word_1_16' title='bbox 766 654 834 730; x_wconf 90' lang='lat' dir='ltr'><strong>erit,</strong></span> <span class='ocrx_word' id='word_1_17' title='bbox 851 671 909 714; x_wconf 89' lang='lat' dir='ltr'><strong>nec</strong></span> <span class='ocrx_word' id='word_1_18' title='bbox 927 652 999 712; x_wconf 87' lang='lat' dir='ltr'><strong>siin</strong></span> <span class='ocrx_word' id='word_1_19' title='bbox 1014 651 1107 712; x_wconf 87' lang='lat' dir='ltr'><strong>dona-</strong></span> <span class='ocrx_word' id='word_1_20' title='bbox 1456 650 1628 712; x_wconf 83' lang='lat' dir='ltr'><strong>Plautium.</strong></span> 
     </span>
    </p>

    <p class='ocr_par' dir='ltr' id='par_1_4' title="bbox 338 741 1886 826">
     <span class='ocr_line' id='line_1_4' title="bbox 338 741 1886 826; baseline -0.003 -17"><span class='ocrx_word' id='word_1_21' title='bbox 338 748 431 809; x_wconf 88' lang='lat' dir='ltr'><strong>tionis</strong></span> <span class='ocrx_word' id='word_1_22' title='bbox 442 766 548 809; x_wconf 80' lang='lat' dir='ltr'><strong>caussa</strong></span> <span class='ocrx_word' id='word_1_23' title='bbox 557 748 754 820; x_wconf 89' lang='lat' dir='ltr'><strong>consenserit,</strong></span> <span class='ocrx_word' id='word_1_24' title='bbox 771 751 871 807; x_wconf 81' lang='lat' dir='ltr'><strong>ratem</strong></span> <span class='ocrx_word' id='word_1_25' title='bbox 885 744 1106 823; x_wconf 64' lang='grc' dir='ltr'><strong>01000010οω-</strong></span> <span class='ocrx_word' id='word_1_26' title='bbox 1198 741 1266 802; x_wconf 92' lang='lat' dir='ltr'><strong>Non</strong></span> <span class='ocrx_word' id='word_1_27' title='bbox 1292 747 1338 802; x_wconf 89' lang='lat' dir='ltr'><strong>est</strong></span> <span class='ocrx_word' id='word_1_28' title='bbox 1365 741 1496 821; x_wconf 84' lang='lat' dir='ltr'><strong>singulis</strong></span> <span class='ocrx_word' id='word_1_29' title='bbox 1515 743 1758 820; x_wconf 87' lang='lat' dir='ltr'><strong>concedendum,</strong></span> <span class='ocrx_word' id='word_1_30' title='bbox 1774 746 1841 823; x_wconf 91' lang='lat' dir='ltr'><strong>quod</strong></span> <span class='ocrx_word' id='word_1_31' title='bbox 1851 767 1886 826; x_wconf 83' lang='lat' dir='ltr'><strong>per</strong></span> 
     </span>
    </p>

    <p class='ocr_par' dir='ltr' id='par_1_5' title="bbox 338 834 1886 914">
     <span class='ocr_line' id='line_1_5' title="bbox 338 834 1886 914; baseline -0.001 -14"><span class='ocrx_word' id='word_1_32' title='bbox 338 847 403 902; x_wconf 91' lang='lat' dir='ltr'><strong>tem</strong></span> <span class='ocrx_word' id='word_1_33' title='bbox 412 841 598 901; x_wconf 79' lang='lat' dir='ltr'><strong>habendam.</strong></span> <span class='ocrx_word' id='word_1_34' title='bbox 1157 834 1372 912; x_wconf 80' lang='lat' dir='ltr'><strong>magistratum</strong></span> <span class='ocrx_word' id='word_1_35' title='bbox 1399 835 1523 914; x_wconf 91' lang='lat' dir='ltr'><strong>publice</strong></span> <span class='ocrx_word' id='word_1_36' title='bbox 1550 835 1646 914; x_wconf 83' lang='lat' dir='ltr'><strong>possit</strong></span> <span class='ocrx_word' id='word_1_37' title='bbox 1671 835 1760 912; x_wconf 84' lang='lat' dir='ltr'><strong>Ireri;</strong></span> <span class='ocrx_word' id='word_1_38' title='bbox 1785 856 1886 900; x_wconf 82' lang='lat' dir='ltr'><strong>reuec-</strong></span> 
     </span>
    </p>

    <p class='ocr_par' dir='ltr' id='par_1_6' title="bbox 340 925 1887 1092">
     <span class='ocr_line' id='line_1_6' title="bbox 340 925 1887 1012; baseline -0.001 -19"><span class='ocrx_word' id='word_1_39' title='bbox 340 932 490 993; x_wconf 92' lang='lat' dir='ltr'>CLXVII.</span> <span class='ocrx_word' id='word_1_40' title='bbox 518 931 648 994; x_wconf 83' lang='lat' dir='ltr'><em>Paullus</em></span> <span class='ocrx_word' id='word_1_41' title='bbox 675 931 754 992; x_wconf 84' lang='lat' dir='ltr'><strong>libro</strong></span> <span class='ocrx_word' id='word_1_42' title='bbox 772 929 1108 1012; x_wconf 79' lang='lat' dir='ltr'><strong>quudrcpeu&#39;mooetaeo</strong></span> <span class='ocrx_word' id='word_1_43' title='bbox 1157 925 1237 986; x_wconf 89' lang='lat' dir='ltr'><strong>sioni</strong></span> <span class='ocrx_word' id='word_1_44' title='bbox 1247 927 1286 986; x_wconf 89' lang='lat' dir='ltr'><strong>sit</strong></span> <span class='ocrx_word' id='word_1_45' title='bbox 1308 927 1435 1005; x_wconf 86' lang='lat' dir='ltr'><strong>majoris</strong></span> <span class='ocrx_word' id='word_1_46' title='bbox 1444 927 1743 988; x_wconf 81' lang='lat' dir='ltr'><strong>tumultusiaciendi.</strong></span> <span class='ocrx_word' id='word_1_47' title='bbox 1761 930 1887 992; x_wconf 75' lang='grc'><strong>11010110</strong></span> 
     </span>
     <span class='ocr_line' id='line_1_7' title="bbox 618 1018 1877 1092; baseline -0.002 -8"><span class='ocrx_word' id='word_1_48' title='bbox 618 1022 658 1084; x_wconf 85' lang='lat' dir='ltr'><strong>cd</strong></span> <span class='ocrx_word' id='word_1_49' title='bbox 674 1023 825 1085; x_wconf 82' lang='lat' dir='ltr'><strong>Ede&#39;etum.</strong></span> <span class='ocrx_word' id='word_1_50' title='bbox 1158 1018 1320 1078; x_wconf 78' lang='lat' dir='ltr'><strong>estimatio</strong></span> <span class='ocrx_word' id='word_1_51' title='bbox 1348 1024 1394 1079; x_wconf 88' lang='lat' dir='ltr'><strong>est</strong></span> <span class='ocrx_word' id='word_1_52' title='bbox 1421 1019 1580 1092; x_wconf 80' lang='lat' dir='ltr'>libertatis,</span> <span class='ocrx_word' id='word_1_53' title='bbox 1610 1024 1641 1080; x_wconf 90' lang='lat' dir='ltr'><strong>et</strong></span> <span class='ocrx_word' id='word_1_54' title='bbox 1667 1020 1877 1082; x_wconf 60' lang='lat' dir='ltr'><strong>necessitudinis.</strong></span> 
     </span>
    </p>

    <p class='ocr_par' dir='ltr' id='par_1_7' title="bbox 340 1109 1866 1289">
     <span class='ocr_line' id='line_1_8' title="bbox 379 1109 1866 1195; baseline -0.002 -18"><span class='ocrx_word' id='word_1_55' title='bbox 379 1117 438 1191; x_wconf 83' lang='lat' dir='ltr'><strong>Qui</strong></span> <span class='ocrx_word' id='word_1_56' title='bbox 451 1134 519 1177; x_wconf 90' lang='lat' dir='ltr'><strong>rem</strong></span> <span class='ocrx_word' id='word_1_57' title='bbox 532 1117 666 1177; x_wconf 86' lang='lat' dir='ltr'><strong>alienam</strong></span> <span class='ocrx_word' id='word_1_58' title='bbox 682 1116 829 1192; x_wconf 82' lang='lat' dir='ltr'><strong>defendit,</strong></span> <span class='ocrx_word' id='word_1_59' title='bbox 844 1132 1008 1195; x_wconf 80' lang='lat' dir='ltr'><strong>nunquam</strong></span> <span class='ocrx_word' id='word_1_60' title='bbox 1022 1113 1107 1174; x_wconf 88' lang='lat' dir='ltr'><strong>loeu-</strong></span> <span class='ocrx_word' id='word_1_61' title='bbox 1200 1110 1394 1171; x_wconf 88' lang='lat' dir='ltr'>CLXXVIII.</span> <span class='ocrx_word' id='word_1_62' title='bbox 1410 1110 1496 1171; x_wconf 89' lang='lat' dir='ltr'><strong>Idem</strong></span> <span class='ocrx_word' id='word_1_63' title='bbox 1515 1109 1592 1171; x_wconf 85' lang='lat' dir='ltr'><strong>libro</strong></span> <span class='ocrx_word' id='word_1_64' title='bbox 1606 1110 1828 1194; x_wconf 78' lang='lat' dir='ltr'><strong>decimo-qundo</strong></span> <span class='ocrx_word' id='word_1_65' title='bbox 1838 1113 1866 1174; x_wconf 89' lang='lat' dir='ltr'><strong>ud</strong></span> 
     </span>
     <span class='ocr_line' id='line_1_9' title="bbox 340 1202 1628 1289; baseline -0.004 -20"><span class='ocrx_word' id='word_1_66' title='bbox 340 1209 405 1289; x_wconf 91' lang='lat' dir='ltr'><strong>ples</strong></span> <span class='ocrx_word' id='word_1_67' title='bbox 418 1209 561 1272; x_wconf 86' lang='lat' dir='ltr'><strong>hebetur.</strong></span> <span class='ocrx_word' id='word_1_68' title='bbox 1459 1202 1628 1264; x_wconf 82' lang='lat' dir='ltr'><strong>Plautium.</strong></span> 
     </span>
    </p>

    <p class='ocr_par' dir='ltr' id='par_1_8' title="bbox 380 1293 1890 1382">
     <span class='ocr_line' id='line_1_10' title="bbox 380 1293 1890 1382; baseline -0.003 -19"><span class='ocrx_word' id='word_1_69' title='bbox 380 1302 542 1363; x_wconf 85' lang='lat' dir='ltr'>CLXVIII.</span> <span class='ocrx_word' id='word_1_70' title='bbox 559 1300 640 1363; x_wconf 87' lang='lat' dir='ltr'><strong>Idem</strong></span> <span class='ocrx_word' id='word_1_71' title='bbox 664 1301 743 1362; x_wconf 82' lang='lat' dir='ltr'><strong>libro</strong></span> <span class='ocrx_word' id='word_1_72' title='bbox 760 1299 1070 1382; x_wconf 79' lang='lat' dir='ltr'><strong>pucdecpeu&#39;mo-eoeo</strong></span> <span class='ocrx_word' id='word_1_73' title='bbox 1199 1293 1257 1368; x_wconf 82' lang='lat' dir='ltr'><strong>Qui</strong></span> <span class='ocrx_word' id='word_1_74' title='bbox 1275 1294 1309 1353; x_wconf 90' lang='lat' dir='ltr'><strong>in</strong></span> <span class='ocrx_word' id='word_1_75' title='bbox 1333 1293 1399 1372; x_wconf 87' lang='lat' dir='ltr'><strong>ejus</strong></span> <span class='ocrx_word' id='word_1_76' title='bbox 1413 1295 1625 1356; x_wconf 82' lang='lat' dir='ltr'><strong>dominiumve</strong></span> <span class='ocrx_word' id='word_1_77' title='bbox 1639 1295 1764 1357; x_wconf 78' lang='lat' dir='ltr'><strong>alberius</strong></span> <span class='ocrx_word' id='word_1_78' title='bbox 1783 1300 1890 1372; x_wconf 73' lang='lat' dir='ltr'><strong>suodedit,</strong></span> 
     </span>
    </p>

    <p class='ocr_par' dir='ltr' id='par_1_9' title="bbox 620 1387 1890 1466">
     <span class='ocr_line' id='line_1_11' title="bbox 620 1387 1890 1466; baseline -0.002 -13"><span class='ocrx_word' id='word_1_79' title='bbox 620 1392 661 1454; x_wconf 90' lang='lat' dir='ltr'><strong>cd</strong></span> <span class='ocrx_word' id='word_1_80' title='bbox 672 1393 827 1454; x_wconf 81' lang='lat' dir='ltr'><strong>Ediemm.</strong></span> <span class='ocrx_word' id='word_1_81' title='bbox 1155 1387 1226 1466; x_wconf 84' lang='lat' dir='ltr'><strong>jure</strong></span> <span class='ocrx_word' id='word_1_82' title='bbox 1253 1387 1319 1465; x_wconf 89' lang='lat' dir='ltr'><strong>ejus</strong></span> <span class='ocrx_word' id='word_1_83' title='bbox 1346 1387 1393 1447; x_wconf 91' lang='lat' dir='ltr'><strong>uti</strong></span> <span class='ocrx_word' id='word_1_84' title='bbox 1414 1388 1514 1449; x_wconf 91' lang='lat' dir='ltr'><strong>debet.</strong></span> <span class='ocrx_word' id='word_1_85' title='bbox 1552 1391 1579 1450; x_wconf 89' lang='lat' dir='ltr'>I.</span> <span class='ocrx_word' id='word_1_86' title='bbox 1606 1389 1704 1449; x_wconf 88' lang='lat' dir='ltr'><strong>Nemo</strong></span> <span class='ocrx_word' id='word_1_87' title='bbox 1723 1389 1890 1452; x_wconf 83' lang='lat' dir='ltr'><strong>videturdolo</strong></span> 
     </span>
    </p>

    <p class='ocr_par' dir='ltr' id='par_1_10' title="bbox 341 1480 1894 1841">
     <span class='ocr_line' id='line_1_12' title="bbox 380 1480 1894 1565; baseline -0.002 -18"><span class='ocrx_word' id='word_1_88' title='bbox 380 1488 450 1547; x_wconf 91' lang='lat' dir='ltr'><strong>Non</strong></span> <span class='ocrx_word' id='word_1_89' title='bbox 472 1487 616 1548; x_wconf 88' lang='lat' dir='ltr'><strong>videntur</strong></span> <span class='ocrx_word' id='word_1_90' title='bbox 639 1487 721 1562; x_wconf 84' lang='grc'><strong>(1010,</strong></span> <span class='ocrx_word' id='word_1_91' title='bbox 747 1505 817 1564; x_wconf 83' lang='lat' dir='ltr'><strong>quae</strong></span> <span class='ocrx_word' id='word_1_92' title='bbox 832 1503 868 1546; x_wconf 90' lang='lat' dir='ltr'><strong>eo</strong></span> <span class='ocrx_word' id='word_1_93' title='bbox 882 1491 1031 1565; x_wconf 85' lang='lat' dir='ltr'><strong>tempore,</strong></span> <span class='ocrx_word' id='word_1_94' title='bbox 1048 1501 1110 1562; x_wconf 92' lang='lat' dir='ltr'><strong>quo</strong></span> <span class='ocrx_word' id='word_1_95' title='bbox 1161 1480 1282 1558; x_wconf 82' lang='lat' dir='ltr'><strong>exequi,</strong></span> <span class='ocrx_word' id='word_1_96' title='bbox 1299 1481 1354 1558; x_wconf 91' lang='lat' dir='ltr'><strong>qui</strong></span> <span class='ocrx_word' id='word_1_97' title='bbox 1367 1480 1491 1559; x_wconf 83' lang='lat' dir='ltr'><strong>ignoret</strong></span> <span class='ocrx_word' id='word_1_98' title='bbox 1504 1499 1654 1550; x_wconf 87' lang='lat' dir='ltr'><strong>caussam,</strong></span> <span class='ocrx_word' id='word_1_99' title='bbox 1671 1499 1726 1542; x_wconf 89' lang='lat' dir='ltr'><strong>cur</strong></span> <span class='ocrx_word' id='word_1_100' title='bbox 1739 1500 1801 1543; x_wconf 93' lang='grc'><strong>000</strong></span> <span class='ocrx_word' id='word_1_101' title='bbox 1816 1483 1894 1544; x_wconf 82' lang='lat' dir='ltr'><strong>debent</strong></span> 
     </span>
     <span class='ocr_line' id='line_1_13' title="bbox 341 1575 1275 1658; baseline -0.007 -19"><span class='ocrx_word' id='word_1_102' title='bbox 341 1579 465 1650; x_wconf 75' lang='lat' dir='ltr'><strong>dantem,</strong></span> <span class='ocrx_word' id='word_1_103' title='bbox 483 1578 661 1658; x_wconf 81' lang='lat' dir='ltr'><strong>accipientis</strong></span> <span class='ocrx_word' id='word_1_104' title='bbox 673 1596 737 1638; x_wconf 91' lang='grc'><strong>000</strong></span> <span class='ocrx_word' id='word_1_105' title='bbox 758 1577 848 1639; x_wconf 89' lang='lat' dir='ltr'><strong>fiunt.</strong></span> <span class='ocrx_word' id='word_1_106' title='bbox 866 1578 924 1644; x_wconf 85' lang='lat' dir='ltr'><strong>Qui</strong></span> <span class='ocrx_word' id='word_1_107' title='bbox 929 1577 1018 1655; x_wconf 87' lang='lat' dir='ltr'><strong>jussu</strong></span> <span class='ocrx_word' id='word_1_108' title='bbox 1029 1575 1111 1653; x_wconf 89' lang='lat' dir='ltr'><strong>judi-</strong></span> <span class='ocrx_word' id='word_1_109' title='bbox 1161 1577 1275 1651; x_wconf 89' lang='lat' dir='ltr'><strong>petere.</strong></span> 
     </span>
     <span class='ocr_line' id='line_1_14' title="bbox 342 1663 1854 1748; baseline -0.002 -18"><span class='ocrx_word' id='word_1_110' title='bbox 342 1670 412 1730; x_wconf 87' lang='lat' dir='ltr'><strong>ciali</strong></span> <span class='ocrx_word' id='word_1_111' title='bbox 434 1671 551 1748; x_wconf 79' lang='lat' dir='ltr'><strong>aliquid</strong></span> <span class='ocrx_word' id='word_1_112' title='bbox 586 1669 666 1744; x_wconf 82' lang='lat' dir='ltr'><strong>feeit,</strong></span> <span class='ocrx_word' id='word_1_113' title='bbox 693 1687 757 1729; x_wconf 91' lang='lat' dir='ltr'><strong>non</strong></span> <span class='ocrx_word' id='word_1_114' title='bbox 783 1669 906 1730; x_wconf 92' lang='lat' dir='ltr'><strong>videtur</strong></span> <span class='ocrx_word' id='word_1_115' title='bbox 929 1669 1000 1729; x_wconf 93' lang='lat' dir='ltr'><strong>dolo</strong></span> <span class='ocrx_word' id='word_1_116' title='bbox 1029 1667 1111 1728; x_wconf 89' lang='lat' dir='ltr'><strong>malo</strong></span> <span class='ocrx_word' id='word_1_117' title='bbox 1226 1664 1384 1725; x_wconf 80' lang='lat' dir='ltr'>CLXXIX.</span> <span class='ocrx_word' id='word_1_118' title='bbox 1402 1663 1483 1725; x_wconf 79' lang='lat' dir='ltr'><strong>Ideru</strong></span> <span class='ocrx_word' id='word_1_119' title='bbox 1499 1663 1575 1725; x_wconf 82' lang='lat' dir='ltr'><strong>libro</strong></span> <span class='ocrx_word' id='word_1_120' title='bbox 1588 1663 1854 1746; x_wconf 82' lang='lat' dir='ltr'><strong>decimo-quintoed</strong></span> 
     </span>
     <span class='ocr_line' id='line_1_15' title="bbox 343 1755 1629 1841; baseline -0.003 -19"><span class='ocrx_word' id='word_1_121' title='bbox 343 1761 914 1841; x_wconf 59' lang='grc'><strong>100000001000000000000001001001.</strong></span> <span class='ocrx_word' id='word_1_122' title='bbox 1462 1755 1629 1818; x_wconf 83' lang='lat' dir='ltr'><strong>Plautium.</strong></span> 
     </span>
    </p>

    <p class='ocr_par' dir='ltr' id='par_1_11' title="bbox 397 1849 1896 1933">
     <span class='ocr_line' id='line_1_16' title="bbox 397 1849 1896 1933; baseline -0.001 -19"><span class='ocrx_word' id='word_1_123' title='bbox 397 1854 530 1914; x_wconf 90' lang='lat' dir='ltr'>CLXIX.</span> <span class='ocrx_word' id='word_1_124' title='bbox 547 1851 627 1914; x_wconf 88' lang='lat' dir='ltr'><strong>Idem</strong></span> <span class='ocrx_word' id='word_1_125' title='bbox 642 1851 830 1933; x_wconf 83' lang='lat' dir='ltr'><strong>lidroprimo</strong></span> <span class='ocrx_word' id='word_1_126' title='bbox 841 1851 881 1912; x_wconf 86' lang='lat' dir='ltr'><strong>cd</strong></span> <span class='ocrx_word' id='word_1_127' title='bbox 893 1851 1060 1914; x_wconf 79' lang='lat' dir='ltr'><strong>Plectrum.</strong></span> <span class='ocrx_word' id='word_1_128' title='bbox 1204 1849 1283 1908; x_wconf 87' lang='lat' dir='ltr'><strong>Cum</strong></span> <span class='ocrx_word' id='word_1_129' title='bbox 1306 1849 1481 1928; x_wconf 86' lang='lat' dir='ltr'><strong>principalis</strong></span> <span class='ocrx_word' id='word_1_130' title='bbox 1501 1867 1606 1910; x_wconf 80' lang='lat' dir='ltr'><strong>eeusse</strong></span> <span class='ocrx_word' id='word_1_131' title='bbox 1620 1870 1686 1912; x_wconf 93' lang='grc'><strong>000</strong></span> <span class='ocrx_word' id='word_1_132' title='bbox 1700 1852 1838 1925; x_wconf 86' lang='lat' dir='ltr'><strong>consistit,</strong></span> <span class='ocrx_word' id='word_1_133' title='bbox 1853 1851 1896 1930; x_wconf 89' lang='lat' dir='ltr'><strong>ple-</strong></span> 
     </span>
    </p>

    <p class='ocr_par' dir='ltr' id='par_1_12' title="bbox 344 1934 1897 2303">
     <span class='ocr_line' id='line_1_17' title="bbox 377 1934 1897 2025; baseline -0.003 -17"><span class='ocrx_word' id='word_1_134' title='bbox 377 1945 545 2025; x_wconf 86' lang='lat' dir='ltr'><strong>Rupiende,</strong></span> <span class='ocrx_word' id='word_1_135' title='bbox 572 1945 624 2005; x_wconf 91' lang='lat' dir='ltr'><strong>sed</strong></span> <span class='ocrx_word' id='word_1_136' title='bbox 644 1945 792 2024; x_wconf 82' lang='lat' dir='ltr'><strong>capienda</strong></span> <span class='ocrx_word' id='word_1_137' title='bbox 819 1945 936 2005; x_wconf 90' lang='lat' dir='ltr'><strong>occasio</strong></span> <span class='ocrx_word' id='word_1_138' title='bbox 962 1951 1017 2016; x_wconf 88' lang='lat' dir='ltr'><strong>est,</strong></span> <span class='ocrx_word' id='word_1_139' title='bbox 1043 1963 1112 2024; x_wconf 81' lang='lat' dir='ltr'><strong>quae</strong></span> <span class='ocrx_word' id='word_1_140' title='bbox 1165 1957 1297 2018; x_wconf 89' lang='lat' dir='ltr'><strong>rumque</strong></span> <span class='ocrx_word' id='word_1_141' title='bbox 1312 1959 1351 2000; x_wconf 92' lang='lat' dir='ltr'><strong>ne</strong></span> <span class='ocrx_word' id='word_1_142' title='bbox 1366 1934 1630 2020; x_wconf 82' lang='lat' dir='ltr'><strong>eequidem,quae</strong></span> <span class='ocrx_word' id='word_1_143' title='bbox 1641 1944 1897 2023; x_wconf 88' lang='lat' dir='ltr'><strong>sequuntur,looun</strong></span> 
     </span>
     <span class='ocr_line' id='line_1_18' title="bbox 344 2031 1290 2118; baseline -0.005 -20"><span class='ocrx_word' id='word_1_144' title='bbox 344 2037 461 2118; x_wconf 80' lang='lat' dir='ltr'><strong>praebet</strong></span> <span class='ocrx_word' id='word_1_145' title='bbox 469 2037 639 2115; x_wconf 82' lang='lat' dir='ltr'><strong>benignum</strong></span> <span class='ocrx_word' id='word_1_146' title='bbox 647 2054 838 2116; x_wconf 89' lang='lat' dir='ltr'><strong>responsum.</strong></span> <span class='ocrx_word' id='word_1_147' title='bbox 852 2041 881 2097; x_wconf 88' lang='lat' dir='ltr'><strong>l.</strong></span> <span class='ocrx_word' id='word_1_148' title='bbox 894 2037 981 2111; x_wconf 82' lang='lat' dir='ltr'><strong>Quod</strong></span> <span class='ocrx_word' id='word_1_149' title='bbox 997 2037 1113 2098; x_wconf 81' lang='lat' dir='ltr'><strong>fectum</strong></span> <span class='ocrx_word' id='word_1_150' title='bbox 1164 2031 1290 2094; x_wconf 82' lang='lat' dir='ltr'><strong>habeut.</strong></span> 
     </span>
     <span class='ocr_line' id='line_1_19' title="bbox 345 2124 1857 2210; baseline -0.002 -18"><span class='ocrx_word' id='word_1_151' title='bbox 345 2135 400 2204; x_wconf 87' lang='lat' dir='ltr'><strong>eet,</strong></span> <span class='ocrx_word' id='word_1_152' title='bbox 414 2148 485 2190; x_wconf 91' lang='lat' dir='ltr'><strong>cum</strong></span> <span class='ocrx_word' id='word_1_153' title='bbox 498 2129 532 2188; x_wconf 93' lang='lat' dir='ltr'><strong>in</strong></span> <span class='ocrx_word' id='word_1_154' title='bbox 546 2128 732 2197; x_wconf 90' lang='lat' dir='ltr'><strong>obscurosit,</strong></span> <span class='ocrx_word' id='word_1_155' title='bbox 749 2128 954 2190; x_wconf 82' lang='lat' dir='ltr'><strong>exaffeetionc</strong></span> <span class='ocrx_word' id='word_1_156' title='bbox 966 2130 1114 2210; x_wconf 86' lang='lat' dir='ltr'><strong>cujusque</strong></span> <span class='ocrx_word' id='word_1_157' title='bbox 1232 2125 1375 2186; x_wconf 87' lang='lat' dir='ltr'>CLXXX.</span> <span class='ocrx_word' id='word_1_158' title='bbox 1405 2124 1487 2187; x_wconf 75' lang='lat' dir='ltr'><strong>Iden</strong></span> <span class='ocrx_word' id='word_1_159' title='bbox 1508 2125 1584 2186; x_wconf 79' lang='lat' dir='ltr'><strong>libro</strong></span> <span class='ocrx_word' id='word_1_160' title='bbox 1604 2126 1809 2190; x_wconf 79' lang='lat' dir='ltr'><strong>decimo-secto</strong></span> <span class='ocrx_word' id='word_1_161' title='bbox 1825 2126 1857 2188; x_wconf 86' lang='lat' dir='ltr'><strong>cd</strong></span> 
     </span>
     <span class='ocr_line' id='line_1_20' title="bbox 346 2217 1632 2303; baseline -0.002 -20"><span class='ocrx_word' id='word_1_162' title='bbox 346 2222 428 2303; x_wconf 85' lang='lat' dir='ltr'><strong>capit</strong></span> <span class='ocrx_word' id='word_1_163' title='bbox 442 2221 741 2300; x_wconf 82' lang='lat' dir='ltr'><strong>interpretationem.</strong></span> <span class='ocrx_word' id='word_1_164' title='bbox 1463 2217 1632 2280; x_wconf 78' lang='lat' dir='ltr'><strong>Plautium.</strong></span> 
     </span>
    </p>

    <p class='ocr_par' dir='ltr' id='par_1_13' title="bbox 400 2309 1902 2382">
     <span class='ocr_line' id='line_1_21' title="bbox 400 2309 1902 2382; baseline -0.003 -8"><span class='ocrx_word' id='word_1_165' title='bbox 400 2313 515 2375; x_wconf 91' lang='lat' dir='ltr'>CLXX.</span> <span class='ocrx_word' id='word_1_166' title='bbox 532 2311 612 2374; x_wconf 83' lang='lat' dir='ltr'><strong>Idem</strong></span> <span class='ocrx_word' id='word_1_167' title='bbox 626 2313 703 2373; x_wconf 85' lang='lat' dir='ltr'><strong>libro</strong></span> <span class='ocrx_word' id='word_1_168' title='bbox 711 2312 834 2374; x_wconf 81' lang='lat' dir='ltr'><strong>seeundo</strong></span> <span class='ocrx_word' id='word_1_169' title='bbox 843 2312 883 2374; x_wconf 84' lang='lat' dir='ltr'><strong>cd</strong></span> <span class='ocrx_word' id='word_1_170' title='bbox 895 2313 1062 2376; x_wconf 82' lang='lat' dir='ltr'><strong>Plautium.</strong></span> <span class='ocrx_word' id='word_1_171' title='bbox 1206 2311 1244 2369; x_wconf 92' lang='lat' dir='ltr'><strong>In</strong></span> <span class='ocrx_word' id='word_1_172' title='bbox 1258 2309 1386 2370; x_wconf 83' lang='lat' dir='ltr'><strong>obscure</strong></span> <span class='ocrx_word' id='word_1_173' title='bbox 1396 2309 1555 2372; x_wconf 84' lang='lat' dir='ltr'><strong>voluntate</strong></span> <span class='ocrx_word' id='word_1_174' title='bbox 1565 2313 1817 2382; x_wconf 79' lang='lat' dir='ltr'><strong>manumittentis,</strong></span> <span class='ocrx_word' id='word_1_175' title='bbox 1827 2311 1902 2372; x_wconf 81' lang='lat' dir='ltr'><strong>bren·</strong></span> 
     </span>
    </p>

    <p class='ocr_par' dir='ltr' id='par_1_14' title="bbox 386 2402 1460 2485">
     <span class='ocr_line' id='line_1_22' title="bbox 386 2402 1460 2485; baseline -0.004 -19"><span class='ocrx_word' id='word_1_176' title='bbox 386 2407 417 2466; x_wconf 89' lang='lat' dir='ltr'><strong>Is</strong></span> <span class='ocrx_word' id='word_1_177' title='bbox 430 2406 581 2466; x_wconf 88' lang='lat' dir='ltr'><strong>damnum</strong></span> <span class='ocrx_word' id='word_1_178' title='bbox 592 2405 655 2482; x_wconf 84' lang='lat' dir='ltr'><strong>det,</strong></span> <span class='ocrx_word' id='word_1_179' title='bbox 680 2405 735 2484; x_wconf 92' lang='lat' dir='ltr'><strong>qui</strong></span> <span class='ocrx_word' id='word_1_180' title='bbox 752 2405 842 2484; x_wconf 87' lang='lat' dir='ltr'><strong>jubet</strong></span> <span class='ocrx_word' id='word_1_181' title='bbox 855 2407 946 2468; x_wconf 87' lang='lat' dir='ltr'><strong>dere:</strong></span> <span class='ocrx_word' id='word_1_182' title='bbox 964 2408 1029 2485; x_wconf 87' lang='lat' dir='ltr'><strong>ejus</strong></span> <span class='ocrx_word' id='word_1_183' title='bbox 1043 2428 1116 2470; x_wconf 83' lang='lat' dir='ltr'><strong>vero</strong></span> <span class='ocrx_word' id='word_1_184' title='bbox 1167 2403 1244 2463; x_wconf 92' lang='lat' dir='ltr'><strong>dum</strong></span> <span class='ocrx_word' id='word_1_185' title='bbox 1255 2407 1301 2462; x_wconf 91' lang='lat' dir='ltr'><strong>est</strong></span> <span class='ocrx_word' id='word_1_186' title='bbox 1314 2402 1460 2464; x_wconf 80' lang='lat' dir='ltr'><strong>libertati.</strong></span> 
     </span>
    </p>

    <p class='ocr_par' dir='ltr' id='par_1_15' title="bbox 346 2493 1903 2763">
     <span class='ocr_line' id='line_1_23' title="bbox 346 2493 1878 2580; baseline 0.001 -21"><span class='ocrx_word' id='word_1_187' title='bbox 346 2497 551 2577; x_wconf 83' lang='grc'><strong>0011000100,</strong></span> <span class='ocrx_word' id='word_1_188' title='bbox 580 2498 629 2558; x_wconf 90' lang='lat' dir='ltr'><strong>cui</strong></span> <span class='ocrx_word' id='word_1_189' title='bbox 643 2515 750 2577; x_wconf 83' lang='lat' dir='ltr'><strong>perere</strong></span> <span class='ocrx_word' id='word_1_190' title='bbox 764 2516 886 2559; x_wconf 89' lang='lat' dir='ltr'><strong>neccsse</strong></span> <span class='ocrx_word' id='word_1_191' title='bbox 906 2500 954 2561; x_wconf 91' lang='lat' dir='ltr'><strong>sit.</strong></span> <span class='ocrx_word' id='word_1_192' title='bbox 981 2503 1008 2562; x_wconf 92' lang='lat' dir='ltr'><strong>l.</strong></span> <span class='ocrx_word' id='word_1_193' title='bbox 1028 2501 1117 2568; x_wconf 80' lang='lat' dir='ltr'><strong>Quod</strong></span> <span class='ocrx_word' id='word_1_194' title='bbox 1208 2494 1366 2555; x_wconf 82' lang='lat' dir='ltr'>CLXXXI.</span> <span class='ocrx_word' id='word_1_195' title='bbox 1397 2493 1479 2556; x_wconf 82' lang='lat' dir='ltr'><strong>Idem</strong></span> <span class='ocrx_word' id='word_1_196' title='bbox 1498 2494 1574 2557; x_wconf 80' lang='lat' dir='ltr'><strong>libro</strong></span> <span class='ocrx_word' id='word_1_197' title='bbox 1593 2495 1834 2580; x_wconf 79' lang='lat' dir='ltr'><strong>decimo-septime</strong></span> <span class='ocrx_word' id='word_1_198' title='bbox 1847 2493 1878 2556; x_wconf 82' lang='lat' dir='ltr'><strong>ed</strong></span> 
     </span>
     <span class='ocr_line' id='line_1_24' title="bbox 347 2585 1636 2670; baseline -0.001 -19"><span class='ocrx_word' id='word_1_199' title='bbox 347 2591 472 2670; x_wconf 87' lang='lat' dir='ltr'><strong>pendet,</strong></span> <span class='ocrx_word' id='word_1_200' title='bbox 488 2609 553 2650; x_wconf 90' lang='lat' dir='ltr'><strong>non</strong></span> <span class='ocrx_word' id='word_1_201' title='bbox 567 2596 613 2652; x_wconf 90' lang='lat' dir='ltr'><strong>est</strong></span> <span class='ocrx_word' id='word_1_202' title='bbox 627 2609 684 2670; x_wconf 90' lang='lat' dir='ltr'><strong>pro</strong></span> <span class='ocrx_word' id='word_1_203' title='bbox 694 2609 731 2651; x_wconf 93' lang='lat' dir='ltr'><strong>eo</strong></span> <span class='ocrx_word' id='word_1_204' title='bbox 745 2592 833 2670; x_wconf 84' lang='lat' dir='ltr'><strong>qussi</strong></span> <span class='ocrx_word' id='word_1_205' title='bbox 845 2592 894 2652; x_wconf 91' lang='lat' dir='ltr'><strong>sit.</strong></span> <span class='ocrx_word' id='word_1_206' title='bbox 1468 2585 1636 2650; x_wconf 82' lang='lat' dir='ltr'><strong>Plautium.</strong></span> 
     </span>
     <span class='ocr_line' id='line_1_25' title="bbox 407 2679 1903 2763; baseline 0.004 -19"><span class='ocrx_word' id='word_1_207' title='bbox 407 2683 541 2744; x_wconf 88' lang='lat' dir='ltr'>CLXXI.</span> <span class='ocrx_word' id='word_1_208' title='bbox 558 2680 821 2744; x_wconf 76' lang='lat' dir='ltr'><strong>Idemlidrotemrb</strong></span> <span class='ocrx_word' id='word_1_209' title='bbox 834 2682 1053 2748; x_wconf 74' lang='lat' dir='ltr'><strong>udPlcudcm.</strong></span> <span class='ocrx_word' id='word_1_210' title='bbox 1207 2679 1295 2754; x_wconf 83' lang='lat' dir='ltr'><strong>Quod</strong></span> <span class='ocrx_word' id='word_1_211' title='bbox 1316 2680 1405 2758; x_wconf 89' lang='lat' dir='ltr'><strong>jussu</strong></span> <span class='ocrx_word' id='word_1_212' title='bbox 1432 2680 1559 2742; x_wconf 87' lang='lat' dir='ltr'><strong>alterius</strong></span> <span class='ocrx_word' id='word_1_213' title='bbox 1585 2682 1726 2758; x_wconf 86' lang='lat' dir='ltr'><strong>solvitur,</strong></span> <span class='ocrx_word' id='word_1_214' title='bbox 1751 2701 1804 2763; x_wconf 91' lang='lat' dir='ltr'><strong>pro</strong></span> <span class='ocrx_word' id='word_1_215' title='bbox 1822 2686 1903 2750; x_wconf 70' lang='lat' dir='ltr'><strong>eoo-ti.</strong></span> 
     </span>
    </p>

    <p class='ocr_par' dir='ltr' id='par_1_16' title="bbox 348 2772 1887 2946">
     <span class='ocr_line' id='line_1_26' title="bbox 387 2772 1581 2855; baseline -0.001 -20"><span class='ocrx_word' id='word_1_216' title='bbox 387 2775 515 2836; x_wconf 86' lang='lat' dir='ltr'><strong>Factum</strong></span> <span class='ocrx_word' id='word_1_217' title='bbox 529 2774 672 2854; x_wconf 82' lang='lat' dir='ltr'><strong>ejudiec,</strong></span> <span class='ocrx_word' id='word_1_218' title='bbox 688 2775 818 2853; x_wconf 83' lang='lat' dir='ltr'><strong>quoded</strong></span> <span class='ocrx_word' id='word_1_219' title='bbox 829 2775 966 2837; x_wconf 89' lang='lat' dir='ltr'><strong>officium</strong></span> <span class='ocrx_word' id='word_1_220' title='bbox 975 2777 1042 2855; x_wconf 88' lang='lat' dir='ltr'><strong>ejus</strong></span> <span class='ocrx_word' id='word_1_221' title='bbox 1052 2797 1118 2839; x_wconf 90' lang='lat' dir='ltr'><strong>non</strong></span> <span class='ocrx_word' id='word_1_222' title='bbox 1168 2772 1256 2851; x_wconf 89' lang='lat' dir='ltr'><strong>quasi</strong></span> <span class='ocrx_word' id='word_1_223' title='bbox 1270 2772 1328 2851; x_wconf 92' lang='lat' dir='ltr'><strong>ipsi</strong></span> <span class='ocrx_word' id='word_1_224' title='bbox 1343 2772 1479 2832; x_wconf 89' lang='lat' dir='ltr'><strong>solutum</strong></span> <span class='ocrx_word' id='word_1_225' title='bbox 1494 2779 1581 2834; x_wconf 89' lang='lat' dir='ltr'><strong>esset.</strong></span> 
     </span>
     <span class='ocr_line' id='line_1_27' title="bbox 348 2860 1887 2946; baseline -0.002 -19"><span class='ocrx_word' id='word_1_226' title='bbox 348 2867 492 2946; x_wconf 85' lang='lat' dir='ltr'><strong>pertinet,</strong></span> <span class='ocrx_word' id='word_1_227' title='bbox 508 2872 612 2928; x_wconf 85' lang='lat' dir='ltr'><strong>ratum</strong></span> <span class='ocrx_word' id='word_1_228' title='bbox 625 2885 690 2927; x_wconf 90' lang='lat' dir='ltr'><strong>non</strong></span> <span class='ocrx_word' id='word_1_229' title='bbox 704 2873 759 2928; x_wconf 89' lang='lat' dir='ltr'><strong>est.</strong></span> <span class='ocrx_word' id='word_1_230' title='bbox 1188 2865 1363 2926; x_wconf 83' lang='lat' dir='ltr'>CLXXXII.</span> <span class='ocrx_word' id='word_1_231' title='bbox 1380 2860 1464 2925; x_wconf 86' lang='lat' dir='ltr'><strong>Idem</strong></span> <span class='ocrx_word' id='word_1_232' title='bbox 1480 2864 1558 2926; x_wconf 82' lang='lat' dir='ltr'><strong>libro</strong></span> <span class='ocrx_word' id='word_1_233' title='bbox 1567 2867 1672 2946; x_wconf 72' lang='lat' dir='ltr'><strong>pricio</strong></span> <span class='ocrx_word' id='word_1_234' title='bbox 1686 2864 1726 2926; x_wconf 87' lang='lat' dir='ltr'><strong>cd</strong></span> <span class='ocrx_word' id='word_1_235' title='bbox 1747 2865 1887 2927; x_wconf 80' lang='lat' dir='ltr'><strong>Vitellium.</strong></span> 
     </span>
    </p>

    <p class='ocr_par' dir='ltr' id='par_1_17' title="bbox 398 2955 1908 3034">
     <span class='ocr_line' id='line_1_28' title="bbox 398 2955 1908 3034; baseline -0.003 -15"><span class='ocrx_word' id='word_1_236' title='bbox 398 2959 546 3020; x_wconf 87' lang='lat' dir='ltr'>CLXXII.</span> <span class='ocrx_word' id='word_1_237' title='bbox 564 2957 644 3019; x_wconf 87' lang='lat' dir='ltr'><strong>Idem</strong></span> <span class='ocrx_word' id='word_1_238' title='bbox 660 2957 739 3019; x_wconf 80' lang='lat' dir='ltr'><strong>libro</strong></span> <span class='ocrx_word' id='word_1_239' title='bbox 753 2958 886 3020; x_wconf 80' lang='lat' dir='ltr'><strong>terteoad</strong></span> <span class='ocrx_word' id='word_1_240' title='bbox 898 2959 1063 3023; x_wconf 83' lang='lat' dir='ltr'><strong>Plecte&#39;um.</strong></span> <span class='ocrx_word' id='word_1_241' title='bbox 1209 2956 1240 3017; x_wconf 84' lang='lat' dir='ltr'><strong>si</strong></span> <span class='ocrx_word' id='word_1_242' title='bbox 1264 2975 1358 3017; x_wconf 86' lang='lat' dir='ltr'><strong>nemo</strong></span> <span class='ocrx_word' id='word_1_243' title='bbox 1386 2957 1480 3017; x_wconf 90' lang='lat' dir='ltr'><strong>subiit</strong></span> <span class='ocrx_word' id='word_1_244' title='bbox 1504 2958 1733 3034; x_wconf 71' lang='lat' dir='ltr'><strong>hereditatem,</strong></span> <span class='ocrx_word' id='word_1_245' title='bbox 1761 2958 1851 3019; x_wconf 89' lang='lat' dir='ltr'><strong>omnis</strong></span> <span class='ocrx_word' id='word_1_246' title='bbox 1876 2955 1908 3016; x_wconf 74' lang='lat' dir='ltr'><strong>sis</strong></span> 
     </span>
    </p>

    <p class='ocr_par' dir='ltr' id='par_1_18' title="bbox 349 3049 1894 3222">
     <span class='ocr_line' id='line_1_29' title="bbox 389 3049 1511 3132; baseline 0.003 -20"><span class='ocrx_word' id='word_1_247' title='bbox 389 3052 487 3114; x_wconf 89' lang='lat' dir='ltr'><strong>Nemo</strong></span> <span class='ocrx_word' id='word_1_248' title='bbox 500 3051 568 3112; x_wconf 91' lang='lat' dir='ltr'><strong>ideo</strong></span> <span class='ocrx_word' id='word_1_249' title='bbox 588 3051 755 3130; x_wconf 81' lang='lat' dir='ltr'><strong>obligatur,</strong></span> <span class='ocrx_word' id='word_1_250' title='bbox 780 3051 854 3130; x_wconf 88' lang='lat' dir='ltr'><strong>quia</strong></span> <span class='ocrx_word' id='word_1_251' title='bbox 875 3059 1055 3132; x_wconf 88' lang='lat' dir='ltr'><strong>recepturus</strong></span> <span class='ocrx_word' id='word_1_252' title='bbox 1074 3061 1119 3116; x_wconf 89' lang='lat' dir='ltr'><strong>est</strong></span> <span class='ocrx_word' id='word_1_253' title='bbox 1168 3049 1358 3109; x_wconf 72' lang='lat' dir='ltr'><strong>Testamenti</strong></span> <span class='ocrx_word' id='word_1_254' title='bbox 1372 3049 1511 3111; x_wconf 78' lang='lat' dir='ltr'><strong>solvitur.</strong></span> 
     </span>
     <span class='ocr_line' id='line_1_30' title="bbox 349 3139 1894 3222; baseline -0.003 -18"><span class='ocrx_word' id='word_1_255' title='bbox 349 3144 389 3204; x_wconf 84' lang='lat' dir='ltr'><strong>ab</strong></span> <span class='ocrx_word' id='word_1_256' title='bbox 403 3143 475 3219; x_wconf 83' lang='lat' dir='ltr'><strong>elio,</strong></span> <span class='ocrx_word' id='word_1_257' title='bbox 486 3143 569 3222; x_wconf 92' lang='lat' dir='ltr'><strong>quod</strong></span> <span class='ocrx_word' id='word_1_258' title='bbox 583 3143 768 3222; x_wconf 74' lang='lat' dir='ltr'><strong>prestiterit.</strong></span> <span class='ocrx_word' id='word_1_259' title='bbox 1190 3141 1373 3201; x_wconf 91' lang='lat' dir='ltr'>CLXXXIII.</span> <span class='ocrx_word' id='word_1_260' title='bbox 1398 3139 1478 3202; x_wconf 89' lang='lat' dir='ltr'><strong>Idem</strong></span> <span class='ocrx_word' id='word_1_261' title='bbox 1497 3139 1575 3202; x_wconf 79' lang='lat' dir='ltr'><strong>libro</strong></span> <span class='ocrx_word' id='word_1_262' title='bbox 1589 3143 1678 3203; x_wconf 83' lang='lat' dir='ltr'><strong>tertie</strong></span> <span class='ocrx_word' id='word_1_263' title='bbox 1692 3142 1733 3204; x_wconf 88' lang='lat' dir='ltr'><strong>cd</strong></span> <span class='ocrx_word' id='word_1_264' title='bbox 1751 3141 1894 3204; x_wconf 81' lang='lat' dir='ltr'><strong>Vitellium.</strong></span> 
     </span>
    </p>

    <p class='ocr_par' dir='ltr' id='par_1_19' title="bbox 390 3233 1909 3316">
     <span class='ocr_line' id='line_1_31' title="bbox 390 3233 1909 3316; baseline -0.003 -20"><span class='ocrx_word' id='word_1_265' title='bbox 390 3235 551 3296; x_wconf 93' lang='lat' dir='ltr'>CLXXIII.</span> <span class='ocrx_word' id='word_1_266' title='bbox 562 3233 643 3296; x_wconf 87' lang='lat' dir='ltr'><strong>Idem</strong></span> <span class='ocrx_word' id='word_1_267' title='bbox 653 3234 730 3295; x_wconf 83' lang='lat' dir='ltr'><strong>libro</strong></span> <span class='ocrx_word' id='word_1_268' title='bbox 741 3234 844 3316; x_wconf 80' lang='lat' dir='ltr'><strong>quieto</strong></span> <span class='ocrx_word' id='word_1_269' title='bbox 857 3234 898 3296; x_wconf 84' lang='lat' dir='ltr'><strong>ad</strong></span> <span class='ocrx_word' id='word_1_270' title='bbox 909 3235 1075 3299; x_wconf 76' lang='lat' dir='ltr'><strong>Pleutium.</strong></span> <span class='ocrx_word' id='word_1_271' title='bbox 1210 3233 1301 3299; x_wconf 84' lang='lat' dir='ltr'><strong>Quod</strong></span> <span class='ocrx_word' id='word_1_272' title='bbox 1325 3233 1441 3294; x_wconf 91' lang='lat' dir='ltr'><strong>nullius</strong></span> <span class='ocrx_word' id='word_1_273' title='bbox 1466 3251 1530 3294; x_wconf 90' lang='lat' dir='ltr'><strong>csse</strong></span> <span class='ocrx_word' id='word_1_274' title='bbox 1554 3239 1665 3313; x_wconf 86' lang='lat' dir='ltr'><strong>potest,</strong></span> <span class='ocrx_word' id='word_1_275' title='bbox 1695 3235 1727 3296; x_wconf 91' lang='lat' dir='ltr'><strong>id</strong></span> <span class='ocrx_word' id='word_1_276' title='bbox 1750 3241 1785 3296; x_wconf 88' lang='lat' dir='ltr'><strong>ut</strong></span> <span class='ocrx_word' id='word_1_277' title='bbox 1809 3233 1909 3310; x_wconf 85' lang='lat' dir='ltr'><strong>alicujus</strong></span> 
     </span>
    </p>

    <p class='ocr_par' dir='ltr' id='par_1_20' title="bbox 350 3323 1911 3684">
     <span class='ocr_line' id='line_1_32' title="bbox 390 3323 1766 3410; baseline 0.004 -22"><span class='ocrx_word' id='word_1_278' title='bbox 390 3329 427 3388; x_wconf 92' lang='lat' dir='ltr'><strong>ln</strong></span> <span class='ocrx_word' id='word_1_279' title='bbox 460 3327 669 3402; x_wconf 85' lang='lat' dir='ltr'><strong>contrahenda</strong></span> <span class='ocrx_word' id='word_1_280' title='bbox 702 3327 900 3404; x_wconf 82' lang='lat' dir='ltr'><strong>venditione,</strong></span> <span class='ocrx_word' id='word_1_281' title='bbox 936 3331 1120 3410; x_wconf 83' lang='lat' dir='ltr'><strong>ambiguum</strong></span> <span class='ocrx_word' id='word_1_282' title='bbox 1169 3323 1267 3399; x_wconf 69' lang='lat' dir='ltr'><strong>fieret,</strong></span> <span class='ocrx_word' id='word_1_283' title='bbox 1284 3325 1371 3386; x_wconf 73' lang='lat' dir='ltr'><strong>millo</strong></span> <span class='ocrx_word' id='word_1_284' title='bbox 1380 3325 1527 3404; x_wconf 72' lang='lat' dir='ltr'><strong>obligatio</strong></span> <span class='ocrx_word' id='word_1_285' title='bbox 1541 3326 1623 3386; x_wconf 73' lang='lat' dir='ltr'><strong>Volet</strong></span> <span class='ocrx_word' id='word_1_286' title='bbox 1637 3326 1766 3389; x_wconf 75' lang='lat' dir='ltr'><strong>officere.</strong></span> 
     </span>
     <span class='ocr_line' id='line_1_33' title="bbox 350 3415 1909 3500; baseline 0.003 -21"><span class='ocrx_word' id='word_1_287' title='bbox 350 3425 478 3499; x_wconf 81' lang='lat' dir='ltr'><strong>pactum</strong></span> <span class='ocrx_word' id='word_1_288' title='bbox 496 3424 603 3480; x_wconf 85' lang='lat' dir='ltr'><strong>contre</strong></span> <span class='ocrx_word' id='word_1_289' title='bbox 630 3420 825 3480; x_wconf 89' lang='lat' dir='ltr'><strong>venditorem</strong></span> <span class='ocrx_word' id='word_1_290' title='bbox 852 3421 1120 3500; x_wconf 85' lang='lat' dir='ltr'><strong>interpretandum</strong></span> <span class='ocrx_word' id='word_1_291' title='bbox 1170 3417 1355 3477; x_wconf 80' lang='lat' dir='ltr'><strong>CLXXXIV·</strong></span> <span class='ocrx_word' id='word_1_292' title='bbox 1377 3415 1536 3478; x_wconf 77' lang='lat' dir='ltr'><strong>Marcellus</strong></span> <span class='ocrx_word' id='word_1_293' title='bbox 1550 3416 1626 3478; x_wconf 77' lang='lat' dir='ltr'><strong>libro</strong></span> <span class='ocrx_word' id='word_1_294' title='bbox 1642 3419 1730 3480; x_wconf 78' lang='lat' dir='ltr'><strong>tertio</strong></span> <span class='ocrx_word' id='word_1_295' title='bbox 1742 3419 1909 3500; x_wconf 78' lang='lat' dir='ltr'><strong>Dipestonm.</strong></span> 
     </span>
     <span class='ocr_line' id='line_1_34' title="bbox 352 3508 1911 3595; baseline 0.003 -23"><span class='ocrx_word' id='word_1_296' title='bbox 352 3515 442 3573; x_wconf 82' lang='lat' dir='ltr'><strong>esti.</strong></span> <span class='ocrx_word' id='word_1_297' title='bbox 460 3511 612 3590; x_wconf 80' lang='lat' dir='ltr'><strong>Ambigua</strong></span> <span class='ocrx_word' id='word_1_298' title='bbox 627 3518 732 3572; x_wconf 87' lang='lat' dir='ltr'><strong>autem</strong></span> <span class='ocrx_word' id='word_1_299' title='bbox 744 3511 875 3572; x_wconf 83' lang='lat' dir='ltr'><strong>Intentio</strong></span> <span class='ocrx_word' id='word_1_300' title='bbox 888 3512 933 3573; x_wconf 85' lang='lat' dir='ltr'><strong>Ita</strong></span> <span class='ocrx_word' id='word_1_301' title='bbox 945 3515 1120 3595; x_wconf 83' lang='lat' dir='ltr'><strong>accipienda</strong></span> <span class='ocrx_word' id='word_1_302' title='bbox 1210 3511 1250 3569; x_wconf 76' lang='lat' dir='ltr'><strong>Ei</strong></span> <span class='ocrx_word' id='word_1_303' title='bbox 1262 3509 1288 3569; x_wconf 81' lang='lat' dir='ltr'><strong>si</strong></span> <span class='ocrx_word' id='word_1_304' title='bbox 1303 3508 1380 3570; x_wconf 82' lang='lat' dir='ltr'><strong>nihil</strong></span> <span class='ocrx_word' id='word_1_305' title='bbox 1401 3509 1490 3571; x_wconf 83' lang='lat' dir='ltr'><strong>Iooilo</strong></span> <span class='ocrx_word' id='word_1_306' title='bbox 1507 3511 1695 3572; x_wconf 73' lang='lat' dir='ltr'><strong>mutandum</strong></span> <span class='ocrx_word' id='word_1_307' title='bbox 1719 3517 1813 3573; x_wconf 80' lang='lat' dir='ltr'><strong>estex</strong></span> <span class='ocrx_word' id='word_1_308' title='bbox 1824 3509 1911 3570; x_wconf 78' lang='lat' dir='ltr'><strong>soleo·</strong></span> 
     </span>
     <span class='ocr_line' id='line_1_35' title="bbox 352 3599 1911 3684; baseline -0.004 -18"><span class='ocrx_word' id='word_1_309' title='bbox 352 3610 407 3678; x_wconf 88' lang='lat' dir='ltr'><strong>est,</strong></span> <span class='ocrx_word' id='word_1_310' title='bbox 425 3609 523 3664; x_wconf 87' lang='lat' dir='ltr'><strong>utres</strong></span> <span class='ocrx_word' id='word_1_311' title='bbox 536 3605 620 3664; x_wconf 88' lang='lat' dir='ltr'><strong>salva</strong></span> <span class='ocrx_word' id='word_1_312' title='bbox 633 3604 729 3665; x_wconf 81' lang='lat' dir='ltr'><strong>actori</strong></span> <span class='ocrx_word' id='word_1_313' title='bbox 742 3603 791 3664; x_wconf 88' lang='lat' dir='ltr'><strong>sit.</strong></span> <span class='ocrx_word' id='word_1_314' title='bbox 1169 3601 1273 3678; x_wconf 91' lang='lat' dir='ltr'><strong>nibus,</strong></span> <span class='ocrx_word' id='word_1_315' title='bbox 1290 3607 1393 3664; x_wconf 86' lang='lat' dir='ltr'><strong>tamen</strong></span> <span class='ocrx_word' id='word_1_316' title='bbox 1406 3602 1461 3662; x_wconf 91' lang='lat' dir='ltr'><strong>ubi</strong></span> <span class='ocrx_word' id='word_1_317' title='bbox 1475 3603 1605 3681; x_wconf 79' lang='lat' dir='ltr'><strong>aequitas</strong></span> <span class='ocrx_word' id='word_1_318' title='bbox 1614 3604 1740 3665; x_wconf 81' lang='lat' dir='ltr'><strong>evidens</strong></span> <span class='ocrx_word' id='word_1_319' title='bbox 1748 3602 1846 3684; x_wconf 87' lang='lat' dir='ltr'><strong>possit,</strong></span> <span class='ocrx_word' id='word_1_320' title='bbox 1857 3599 1911 3660; x_wconf 84' lang='lat' dir='ltr'><strong>sub</strong></span> 
     </span>
    </p>

    <p class='ocr_par' dir='ltr' id='par_1_21' title="bbox 394 3693 1431 3760">
     <span class='ocr_line' id='line_1_36' title="bbox 394 3693 1431 3760; baseline -0.002 -3"><span class='ocrx_word' id='word_1_321' title='bbox 394 3696 553 3758; x_wconf 90' lang='lat' dir='ltr'>CLXXIV.</span> <span class='ocrx_word' id='word_1_322' title='bbox 570 3693 652 3757; x_wconf 86' lang='lat' dir='ltr'><strong>Idem</strong></span> <span class='ocrx_word' id='word_1_323' title='bbox 673 3695 749 3756; x_wconf 84' lang='lat' dir='ltr'><strong>libro</strong></span> <span class='ocrx_word' id='word_1_324' title='bbox 763 3703 843 3757; x_wconf 78' lang='lat' dir='ltr'><strong>secto</strong></span> <span class='ocrx_word' id='word_1_325' title='bbox 858 3695 898 3757; x_wconf 84' lang='lat' dir='ltr'><strong>ed</strong></span> <span class='ocrx_word' id='word_1_326' title='bbox 910 3699 1079 3760; x_wconf 76' lang='lat' dir='ltr'><strong>Plautium.</strong></span> <span class='ocrx_word' id='word_1_327' title='bbox 1172 3695 1361 3754; x_wconf 84' lang='lat' dir='ltr'><strong>veniendum</strong></span> <span class='ocrx_word' id='word_1_328' title='bbox 1376 3705 1431 3755; x_wconf 91' lang='lat' dir='ltr'><strong>est.</strong></span> 
     </span>
    </p>

    <p class='ocr_par' dir='ltr' id='par_1_22' title="bbox 353 3785 1918 4329">
     <span class='ocr_line' id='line_1_37' title="bbox 393 3785 1898 3870; baseline -0.003 -22"><span class='ocrx_word' id='word_1_329' title='bbox 393 3789 432 3848; x_wconf 92' lang='lat' dir='ltr'><strong>In</strong></span> <span class='ocrx_word' id='word_1_330' title='bbox 445 3788 700 3849; x_wconf 82' lang='lat' dir='ltr'><strong>condemnatione</strong></span> <span class='ocrx_word' id='word_1_331' title='bbox 721 3805 935 3867; x_wconf 83' lang='lat' dir='ltr'><strong>personarum3</strong></span> <span class='ocrx_word' id='word_1_332' title='bbox 951 3809 1020 3870; x_wconf 85' lang='lat' dir='ltr'><strong>quae</strong></span> <span class='ocrx_word' id='word_1_333' title='bbox 1034 3793 1067 3852; x_wconf 87' lang='lat' dir='ltr'><strong>In</strong></span> <span class='ocrx_word' id='word_1_334' title='bbox 1077 3792 1119 3870; x_wconf 92' lang='lat' dir='ltr'><strong>id,</strong></span> <span class='ocrx_word' id='word_1_335' title='bbox 1192 3788 1366 3848; x_wconf 90' lang='lat' dir='ltr'>CLXXXV.</span> <span class='ocrx_word' id='word_1_336' title='bbox 1385 3785 1488 3848; x_wconf 88' lang='lat' dir='ltr'><strong>Celsus</strong></span> <span class='ocrx_word' id='word_1_337' title='bbox 1501 3785 1579 3848; x_wconf 83' lang='lat' dir='ltr'><strong>libro</strong></span> <span class='ocrx_word' id='word_1_338' title='bbox 1590 3787 1898 3869; x_wconf 79' lang='lat' dir='ltr'><strong>septr&#39;mollr&#39;pestorum</strong></span> 
     </span>
     <span class='ocr_line' id='line_1_38' title="bbox 353 3879 1830 3961; baseline -0.001 -21"><span class='ocrx_word' id='word_1_339' title='bbox 353 3881 693 3961; x_wconf 77' lang='grc'><strong>00001000000000001,</strong></span> <span class='ocrx_word' id='word_1_340' title='bbox 709 3880 916 3957; x_wconf 64' lang='lat' dir='ltr'><strong>damnantem</strong></span> <span class='ocrx_word' id='word_1_341' title='bbox 932 3900 996 3943; x_wconf 90' lang='lat' dir='ltr'><strong>non</strong></span> <span class='ocrx_word' id='word_1_342' title='bbox 1007 3889 1119 3958; x_wconf 87' lang='lat' dir='ltr'><strong>totum,</strong></span> <span class='ocrx_word' id='word_1_343' title='bbox 1211 3880 1294 3939; x_wconf 85' lang='lat' dir='ltr'><strong>Vani</strong></span> <span class='ocrx_word' id='word_1_344' title='bbox 1304 3879 1425 3939; x_wconf 88' lang='lat' dir='ltr'><strong>timoris</strong></span> <span class='ocrx_word' id='word_1_345' title='bbox 1433 3879 1516 3956; x_wconf 85' lang='lat' dir='ltr'><strong>justa</strong></span> <span class='ocrx_word' id='word_1_346' title='bbox 1530 3881 1686 3940; x_wconf 79' lang='lat' dir='ltr'><strong>excusatio</strong></span> <span class='ocrx_word' id='word_1_347' title='bbox 1700 3899 1763 3940; x_wconf 90' lang='lat' dir='ltr'><strong>non</strong></span> <span class='ocrx_word' id='word_1_348' title='bbox 1777 3885 1830 3941; x_wconf 87' lang='lat' dir='ltr'><strong>est.</strong></span> 
     </span>
     <span class='ocr_line' id='line_1_39' title="bbox 353 3969 1890 4056; baseline -0.005 -22"><span class='ocrx_word' id='word_1_349' title='bbox 353 3973 438 4054; x_wconf 90' lang='lat' dir='ltr'><strong>quod</strong></span> <span class='ocrx_word' id='word_1_350' title='bbox 450 3973 577 4048; x_wconf 88' lang='lat' dir='ltr'><strong>babent,</strong></span> <span class='ocrx_word' id='word_1_351' title='bbox 593 3973 841 4051; x_wconf 84' lang='lat' dir='ltr'><strong>extorquendum</strong></span> <span class='ocrx_word' id='word_1_352' title='bbox 851 3980 914 4035; x_wconf 90' lang='lat' dir='ltr'><strong>est:</strong></span> <span class='ocrx_word' id='word_1_353' title='bbox 931 3975 984 4036; x_wconf 89' lang='lat' dir='ltr'><strong>sed</strong></span> <span class='ocrx_word' id='word_1_354' title='bbox 1002 3981 1033 4036; x_wconf 93' lang='lat' dir='ltr'><strong>et</strong></span> <span class='ocrx_word' id='word_1_355' title='bbox 1046 3977 1124 4056; x_wconf 85' lang='lat' dir='ltr'><strong>ipsa·</strong></span> <span class='ocrx_word' id='word_1_356' title='bbox 1207 3970 1393 4031; x_wconf 87' lang='lat' dir='ltr'>CLXXXVI.</span> <span class='ocrx_word' id='word_1_357' title='bbox 1407 3969 1490 4031; x_wconf 82' lang='lat' dir='ltr'><strong>Idem</strong></span> <span class='ocrx_word' id='word_1_358' title='bbox 1505 3970 1582 4031; x_wconf 79' lang='lat' dir='ltr'><strong>libre</strong></span> <span class='ocrx_word' id='word_1_359' title='bbox 1595 3979 1697 4032; x_wconf 84' lang='grc'><strong>001000</strong></span> <span class='ocrx_word' id='word_1_360' title='bbox 1711 3971 1890 4053; x_wconf 80' lang='lat' dir='ltr'><strong>Dr&#39;pestoram.</strong></span> 
     </span>
     <span class='ocr_line' id='line_1_40' title="bbox 353 4062 1778 4146; baseline 0.001 -19"><span class='ocrx_word' id='word_1_361' title='bbox 353 4084 425 4127; x_wconf 86' lang='lat' dir='ltr'><strong>rum</strong></span> <span class='ocrx_word' id='word_1_362' title='bbox 452 4067 530 4126; x_wconf 81' lang='lat' dir='ltr'><strong>ratio</strong></span> <span class='ocrx_word' id='word_1_363' title='bbox 556 4064 698 4126; x_wconf 82' lang='lat' dir='ltr'><strong>bebonda</strong></span> <span class='ocrx_word' id='word_1_364' title='bbox 730 4071 775 4124; x_wconf 93' lang='lat' dir='ltr'><strong>est</strong></span> <span class='ocrx_word' id='word_1_365' title='bbox 796 4084 836 4126; x_wconf 90' lang='lat' dir='ltr'><strong>ne</strong></span> <span class='ocrx_word' id='word_1_366' title='bbox 864 4073 985 4146; x_wconf 85' lang='lat' dir='ltr'><strong>egeant.</strong></span> <span class='ocrx_word' id='word_1_367' title='bbox 1001 4071 1029 4128; x_wconf 93' lang='grc'><strong>1.</strong></span> <span class='ocrx_word' id='word_1_368' title='bbox 1046 4070 1123 4130; x_wconf 92' lang='lat' dir='ltr'><strong>Cum</strong></span> <span class='ocrx_word' id='word_1_369' title='bbox 1212 4062 1451 4141; x_wconf 71' lang='lat' dir='ltr'><strong>impossibilium</strong></span> <span class='ocrx_word' id='word_1_370' title='bbox 1465 4062 1552 4123; x_wconf 82' lang='lat' dir='ltr'><strong>nullo</strong></span> <span class='ocrx_word' id='word_1_371' title='bbox 1566 4063 1711 4139; x_wconf 80' lang='lat' dir='ltr'><strong>obligatio</strong></span> <span class='ocrx_word' id='word_1_372' title='bbox 1725 4069 1778 4125; x_wconf 77' lang='lat' dir='ltr'><strong>est·</strong></span> 
     </span>
     <span class='ocr_line' id='line_1_41' title="bbox 353 4153 1914 4237; baseline 0.001 -19"><span class='ocrx_word' id='word_1_373' title='bbox 353 4157 484 4218; x_wconf 81' lang='lat' dir='ltr'><strong>verbum</strong></span> <span class='ocrx_word' id='word_1_374' title='bbox 497 4153 658 4237; x_wconf 80' lang='lat' dir='ltr'><strong>(restituat)</strong></span> <span class='ocrx_word' id='word_1_375' title='bbox 673 4157 707 4216; x_wconf 93' lang='lat' dir='ltr'><strong>in</strong></span> <span class='ocrx_word' id='word_1_376' title='bbox 720 4156 789 4236; x_wconf 82' lang='lat' dir='ltr'><strong>lege</strong></span> <span class='ocrx_word' id='word_1_377' title='bbox 801 4157 968 4235; x_wconf 87' lang='lat' dir='ltr'><strong>invenitur,</strong></span> <span class='ocrx_word' id='word_1_378' title='bbox 984 4159 1047 4220; x_wconf 89' lang='lat' dir='ltr'><strong>etsi</strong></span> <span class='ocrx_word' id='word_1_379' title='bbox 1059 4179 1124 4221; x_wconf 93' lang='lat' dir='ltr'><strong>non</strong></span> <span class='ocrx_word' id='word_1_380' title='bbox 1175 4154 1376 4215; x_wconf 84' lang='lat' dir='ltr'>CLXXXVII.</span> <span class='ocrx_word' id='word_1_381' title='bbox 1390 4153 1470 4216; x_wconf 70' lang='lat' dir='ltr'><strong>Iden</strong></span> <span class='ocrx_word' id='word_1_382' title='bbox 1487 4153 1564 4215; x_wconf 83' lang='lat' dir='ltr'><strong>libro</strong></span> <span class='ocrx_word' id='word_1_383' title='bbox 1577 4154 1729 4217; x_wconf 79' lang='lat' dir='ltr'><strong>undeor&#39;mo</strong></span> <span class='ocrx_word' id='word_1_384' title='bbox 1742 4155 1914 4235; x_wconf 81' lang='lat' dir='ltr'><strong>Dipestorm.</strong></span> 
     </span>
     <span class='ocr_line' id='line_1_42' title="bbox 354 4245 1918 4329; baseline -0.002 -19"><span class='ocrx_word' id='word_1_385' title='bbox 354 4249 525 4329; x_wconf 84' lang='lat' dir='ltr'><strong>specialiter</strong></span> <span class='ocrx_word' id='word_1_386' title='bbox 549 4249 587 4308; x_wconf 89' lang='lat' dir='ltr'><strong>de</strong></span> <span class='ocrx_word' id='word_1_387' title='bbox 610 4248 760 4309; x_wconf 73' lang='lat' dir='ltr'><strong>fructibus</strong></span> <span class='ocrx_word' id='word_1_388' title='bbox 782 4249 922 4310; x_wconf 78' lang='lat' dir='ltr'><strong>additum</strong></span> <span class='ocrx_word' id='word_1_389' title='bbox 948 4257 1125 4324; x_wconf 74' lang='lat' dir='ltr'><strong>esttamen</strong></span> <span class='ocrx_word' id='word_1_390' title='bbox 1213 4245 1296 4305; x_wconf 88' lang='lat' dir='ltr'><strong>Nihil</strong></span> <span class='ocrx_word' id='word_1_391' title='bbox 1320 4247 1384 4325; x_wconf 87' lang='lat' dir='ltr'><strong>peti</strong></span> <span class='ocrx_word' id='word_1_392' title='bbox 1403 4251 1593 4326; x_wconf 86' lang='lat' dir='ltr'><strong>potestante</strong></span> <span class='ocrx_word' id='word_1_393' title='bbox 1612 4249 1644 4308; x_wconf 93' lang='lat' dir='ltr'><strong>id</strong></span> <span class='ocrx_word' id='word_1_394' title='bbox 1666 4253 1797 4327; x_wconf 90' lang='lat' dir='ltr'><strong>tempus,</strong></span> <span class='ocrx_word' id='word_1_395' title='bbox 1812 4259 1918 4325; x_wconf 81' lang='lat' dir='ltr'><strong>quopor</strong></span> 
     </span>
    </p>
   </div>
   <div class='ocr_carea' id='block_1_3' title="bbox 355 4333 1959 4788">
    <p class='ocr_par' dir='ltr' id='par_1_23' title="bbox 355 4333 1959 4788">
     <span class='ocr_line' id='line_1_43' title="bbox 355 4333 1959 4430; baseline 0.001 -28"><span class='ocrx_word' id='word_1_396' title='bbox 355 4342 449 4402; x_wconf 88' lang='lat' dir='ltr'><strong>etiam</strong></span> <span class='ocrx_word' id='word_1_397' title='bbox 468 4341 585 4401; x_wconf 79' lang='grc'><strong>1000100</strong></span> <span class='ocrx_word' id='word_1_398' title='bbox 600 4347 673 4401; x_wconf 85' lang='grc'><strong>0001</strong></span> <span class='ocrx_word' id='word_1_399' title='bbox 686 4341 878 4402; x_wconf 88' lang='lat' dir='ltr'><strong>restituendi.</strong></span> <span class='ocrx_word' id='word_1_400' title='bbox 901 4344 934 4402; x_wconf 74' lang='grc'><strong>1.</strong></span> <span class='ocrx_word' id='word_1_401' title='bbox 952 4344 1124 4422; x_wconf 88' lang='lat' dir='ltr'><strong>Unicuique</strong></span> <span class='ocrx_word' id='word_1_402' title='bbox 1172 4355 1278 4398; x_wconf 81' lang='lat' dir='ltr'><strong>rorum</strong></span> <span class='ocrx_word' id='word_1_403' title='bbox 1300 4343 1444 4399; x_wconf 77' lang='lat' dir='ltr'><strong>naturam</strong></span> <span class='ocrx_word' id='word_1_404' title='bbox 1471 4339 1603 4417; x_wconf 83' lang='lat' dir='ltr'><strong>persolvi</strong></span> <span class='ocrx_word' id='word_1_405' title='bbox 1619 4340 1733 4420; x_wconf 86' lang='lat' dir='ltr'><strong>possit:</strong></span> <span class='ocrx_word' id='word_1_406' title='bbox 1749 4345 1779 4401; x_wconf 88' lang='lat' dir='ltr'><strong>et</strong></span> <span class='ocrx_word' id='word_1_407' title='bbox 1794 4355 1860 4400; x_wconf 86' lang='lat' dir='ltr'><strong>cum</strong></span> <span class='ocrx_word' id='word_1_408' title='bbox 1871 4333 1917 4395; x_wconf 73' lang='lat' dir='ltr'><strong>tol·</strong></span> <span class='ocrx_word' id='word_1_409' title='bbox 1957 4369 1959 4430; x_wconf 70' lang='lat' dir='ltr'><strong>p</strong></span> 
     </span>
     <span class='ocr_line' id='line_1_44' title="bbox 356 4431 1919 4515; baseline -0.004 -21"><span class='ocrx_word' id='word_1_410' title='bbox 356 4451 412 4494; x_wconf 84' lang='lat' dir='ltr'><strong>sua</strong></span> <span class='ocrx_word' id='word_1_411' title='bbox 425 4451 514 4494; x_wconf 85' lang='lat' dir='ltr'><strong>more</strong></span> <span class='ocrx_word' id='word_1_412' title='bbox 527 4438 628 4507; x_wconf 88' lang='lat' dir='ltr'><strong>nocet,</strong></span> <span class='ocrx_word' id='word_1_413' title='bbox 640 4433 734 4511; x_wconf 91' lang='lat' dir='ltr'><strong>quod,</strong></span> <span class='ocrx_word' id='word_1_414' title='bbox 751 4434 827 4494; x_wconf 89' lang='lat' dir='ltr'><strong>etin</strong></span> <span class='ocrx_word' id='word_1_415' title='bbox 842 4435 964 4496; x_wconf 89' lang='lat' dir='ltr'><strong>duobus</strong></span> <span class='ocrx_word' id='word_1_416' title='bbox 978 4436 1037 4496; x_wconf 87' lang='lat' dir='ltr'><strong>reis</strong></span> <span class='ocrx_word' id='word_1_417' title='bbox 1051 4454 1123 4515; x_wconf 91' lang='lat' dir='ltr'><strong>pro·</strong></span> <span class='ocrx_word' id='word_1_418' title='bbox 1173 4431 1266 4491; x_wconf 89' lang='lat' dir='ltr'><strong>vendi</strong></span> <span class='ocrx_word' id='word_1_419' title='bbox 1277 4438 1400 4510; x_wconf 87' lang='lat' dir='ltr'><strong>tempus</strong></span> <span class='ocrx_word' id='word_1_420' title='bbox 1410 4431 1587 4504; x_wconf 78' lang='lat' dir='ltr'><strong>obligationi</strong></span> <span class='ocrx_word' id='word_1_421' title='bbox 1598 4432 1731 4510; x_wconf 89' lang='lat' dir='ltr'><strong>additur,</strong></span> <span class='ocrx_word' id='word_1_422' title='bbox 1742 4433 1801 4492; x_wconf 85' lang='lat' dir='ltr'><strong>nisi</strong></span> <span class='ocrx_word' id='word_1_423' title='bbox 1814 4448 1849 4492; x_wconf 87' lang='lat' dir='ltr'><strong>co</strong></span> <span class='ocrx_word' id='word_1_424' title='bbox 1857 4444 1919 4509; x_wconf 79' lang='lat' dir='ltr'><strong>pre-</strong></span> 
     </span>
     <span class='ocr_line' id='line_1_45' title="bbox 356 4522 1959 4606; baseline -0.002 -20"><span class='ocrx_word' id='word_1_425' title='bbox 356 4525 500 4586; x_wconf 87' lang='lat' dir='ltr'><strong>mittendi</strong></span> <span class='ocrx_word' id='word_1_426' title='bbox 518 4525 708 4586; x_wconf 83' lang='lat' dir='ltr'><strong>observetur.</strong></span> <span class='ocrx_word' id='word_1_427' title='bbox 724 4527 752 4587; x_wconf 72' lang='grc'><strong>1.</strong></span> <span class='ocrx_word' id='word_1_428' title='bbox 779 4526 855 4586; x_wconf 82' lang='grc'><strong>11010</strong></span> <span class='ocrx_word' id='word_1_429' title='bbox 869 4526 950 4596; x_wconf 87' lang='lat' dir='ltr'><strong>facit,</strong></span> <span class='ocrx_word' id='word_1_430' title='bbox 968 4527 1023 4606; x_wconf 92' lang='lat' dir='ltr'><strong>qui</strong></span> <span class='ocrx_word' id='word_1_431' title='bbox 1037 4529 1123 4606; x_wconf 82' lang='lat' dir='ltr'><strong>petil,</strong></span> <span class='ocrx_word' id='word_1_432' title='bbox 1173 4523 1265 4583; x_wconf 89' lang='lat' dir='ltr'><strong>terito</strong></span> <span class='ocrx_word' id='word_1_433' title='bbox 1277 4522 1340 4602; x_wconf 91' lang='lat' dir='ltr'><strong>peti</strong></span> <span class='ocrx_word' id='word_1_434' title='bbox 1351 4540 1417 4583; x_wconf 90' lang='lat' dir='ltr'><strong>non</strong></span> <span class='ocrx_word' id='word_1_435' title='bbox 1433 4527 1542 4602; x_wconf 85' lang='lat' dir='ltr'><strong>potest.</strong></span> <span class='ocrx_word' id='word_1_436' title='bbox 1958 4525 1959 4570; x_wconf 86' lang='grc' dir='ltr'>ἶ</span> 
     </span>
     <span class='ocr_line' id='line_1_46' title="bbox 356 4613 1882 4697; baseline -0.004 -19"><span class='ocrx_word' id='word_1_437' title='bbox 356 4618 442 4697; x_wconf 91' lang='lat' dir='ltr'><strong>quod</strong></span> <span class='ocrx_word' id='word_1_438' title='bbox 451 4617 628 4678; x_wconf 85' lang='lat' dir='ltr'><strong>redditurus</strong></span> <span class='ocrx_word' id='word_1_439' title='bbox 639 4622 695 4677; x_wconf 89' lang='lat' dir='ltr'><strong>est.</strong></span> <span class='ocrx_word' id='word_1_440' title='bbox 1229 4615 1447 4676; x_wconf 90' lang='lat' dir='ltr'>CLXXXVIII.</span> <span class='ocrx_word' id='word_1_441' title='bbox 1477 4613 1559 4676; x_wconf 86' lang='lat' dir='ltr'><strong>Idem</strong></span> <span class='ocrx_word' id='word_1_442' title='bbox 1587 4614 1666 4676; x_wconf 83' lang='lat' dir='ltr'><strong>libro</strong></span> <span class='ocrx_word' id='word_1_443' title='bbox 1691 4615 1882 4677; x_wconf 76' lang='lat' dir='ltr'><strong>deer&#39;museeto</strong></span> 
     </span>
     <span class='ocr_line' id='line_1_47' title="bbox 398 4706 1658 4788; baseline 0 -20"><span class='ocrx_word' id='word_1_444' title='bbox 398 4709 541 4770; x_wconf 90' lang='lat' dir='ltr'>CLXXV.</span> <span class='ocrx_word' id='word_1_445' title='bbox 557 4707 638 4769; x_wconf 89' lang='lat' dir='ltr'><strong>Idem</strong></span> <span class='ocrx_word' id='word_1_446' title='bbox 652 4706 728 4768; x_wconf 83' lang='lat' dir='ltr'><strong>libro</strong></span> <span class='ocrx_word' id='word_1_447' title='bbox 743 4713 845 4769; x_wconf 83' lang='lat' dir='ltr'><strong>octauo</strong></span> <span class='ocrx_word' id='word_1_448' title='bbox 859 4708 899 4770; x_wconf 85' lang='lat' dir='ltr'><strong>ud</strong></span> <span class='ocrx_word' id='word_1_449' title='bbox 913 4708 1082 4774; x_wconf 84' lang='lat' dir='ltr'><strong>Plautium.</strong></span> <span class='ocrx_word' id='word_1_450' title='bbox 1461 4706 1658 4788; x_wconf 78' lang='lat' dir='ltr'><strong>De&#39;pestomm.</strong></span> 
     </span>
    </p>
   </div>
   <div class='ocr_carea' id='block_1_4' title="bbox 399 4793 1922 4880">
    <p class='ocr_par' dir='ltr' id='par_1_24' title="bbox 399 4793 1922 4880">
     <span class='ocr_line' id='line_1_48' title="bbox 399 4793 1922 4880; baseline -0.008 -16"><span class='ocrx_word' id='word_1_451' title='bbox 399 4800 460 4866; x_wconf 84' lang='lat' dir='ltr'><strong>Qui</strong></span> <span class='ocrx_word' id='word_1_452' title='bbox 486 4793 586 4879; x_wconf 80' lang='lat' dir='ltr'><strong>potest</strong></span> <span class='ocrx_word' id='word_1_453' title='bbox 624 4799 743 4876; x_wconf 81' lang='lat' dir='ltr'><strong>fecere,</strong></span> <span class='ocrx_word' id='word_1_454' title='bbox 771 4805 806 4861; x_wconf 89' lang='lat' dir='ltr'><strong>ut</strong></span> <span class='ocrx_word' id='word_1_455' title='bbox 839 4801 935 4880; x_wconf 90' lang='lat' dir='ltr'><strong>possit</strong></span> <span class='ocrx_word' id='word_1_456' title='bbox 957 4802 1127 4863; x_wconf 88' lang='lat' dir='ltr'><strong>conditioni</strong></span> <span class='ocrx_word' id='word_1_457' title='bbox 1215 4799 1334 4878; x_wconf 88' lang='lat' dir='ltr'><strong>Siquis</strong></span> <span class='ocrx_word' id='word_1_458' title='bbox 1353 4805 1567 4878; x_wconf 75' lang='lat' dir='ltr'><strong>pregnantem</strong></span> <span class='ocrx_word' id='word_1_459' title='bbox 1584 4818 1714 4862; x_wconf 83' lang='lat' dir='ltr'><strong>uxorem</strong></span> <span class='ocrx_word' id='word_1_460' title='bbox 1726 4799 1858 4878; x_wconf 88' lang='lat' dir='ltr'><strong>reliquit,</strong></span> <span class='ocrx_word' id='word_1_461' title='bbox 1871 4811 1922 4854; x_wconf 93' lang='lat' dir='ltr'><strong>non</strong></span> 
     </span>
    </p>
   </div>
   <div class='ocr_carea' id='block_1_5' title="bbox 355 4890 1922 5617">
    <p class='ocr_par' dir='ltr' id='par_1_25' title="bbox 357 4890 1680 4972">
     <span class='ocr_line' id='line_1_49' title="bbox 357 4890 1680 4972; baseline 0.001 -20"><span class='ocrx_word' id='word_1_462' title='bbox 357 4891 546 4972; x_wconf 85' lang='lat' dir='ltr'><strong>parere,jem</strong></span> <span class='ocrx_word' id='word_1_463' title='bbox 554 4909 642 4972; x_wconf 91' lang='lat' dir='ltr'><strong>posse</strong></span> <span class='ocrx_word' id='word_1_464' title='bbox 655 4891 788 4952; x_wconf 80' lang='lat' dir='ltr'><strong>videtur.</strong></span> <span class='ocrx_word' id='word_1_465' title='bbox 797 4895 824 4954; x_wconf 90' lang='grc'><strong>1.</strong></span> <span class='ocrx_word' id='word_1_466' title='bbox 837 4893 926 4959; x_wconf 86' lang='lat' dir='ltr'><strong>Quod</strong></span> <span class='ocrx_word' id='word_1_467' title='bbox 936 4893 1005 4972; x_wconf 77' lang='lat' dir='ltr'><strong>quIs</strong></span> <span class='ocrx_word' id='word_1_468' title='bbox 1016 4894 1042 4953; x_wconf 92' lang='lat' dir='ltr'><strong>si</strong></span> <span class='ocrx_word' id='word_1_469' title='bbox 1053 4894 1127 4955; x_wconf 80' lang='lat' dir='ltr'><strong>velit</strong></span> <span class='ocrx_word' id='word_1_470' title='bbox 1175 4890 1297 4952; x_wconf 90' lang='lat' dir='ltr'><strong>videtur</strong></span> <span class='ocrx_word' id='word_1_471' title='bbox 1310 4891 1376 4951; x_wconf 91' lang='lat' dir='ltr'><strong>sinc</strong></span> <span class='ocrx_word' id='word_1_472' title='bbox 1387 4890 1493 4951; x_wconf 90' lang='lat' dir='ltr'><strong>liberis</strong></span> <span class='ocrx_word' id='word_1_473' title='bbox 1506 4891 1680 4953; x_wconf 87' lang='lat' dir='ltr'><strong>decessisse.</strong></span> 
     </span>
    </p>

    <p class='ocr_par' dir='ltr' id='par_1_26' title="bbox 357 4981 1922 5434">
     <span class='ocr_line' id='line_1_50' title="bbox 357 4981 1905 5064; baseline -0.002 -20"><span class='ocrx_word' id='word_1_474' title='bbox 357 4983 483 5059; x_wconf 83' lang='lat' dir='ltr'><strong>hebere,</strong></span> <span class='ocrx_word' id='word_1_475' title='bbox 498 5001 562 5044; x_wconf 95' lang='grc'><strong>000</strong></span> <span class='ocrx_word' id='word_1_476' title='bbox 585 4988 696 5063; x_wconf 82' lang='grc'><strong>001001,</strong></span> <span class='ocrx_word' id='word_1_477' title='bbox 711 4984 743 5044; x_wconf 90' lang='lat' dir='ltr'><strong>id</strong></span> <span class='ocrx_word' id='word_1_478' title='bbox 757 4984 922 5062; x_wconf 84' lang='lat' dir='ltr'><strong>repudiare</strong></span> <span class='ocrx_word' id='word_1_479' title='bbox 937 5003 1000 5046; x_wconf 91' lang='grc'><strong>000</strong></span> <span class='ocrx_word' id='word_1_480' title='bbox 1014 4990 1124 5064; x_wconf 84' lang='grc'><strong>001001.</strong></span> <span class='ocrx_word' id='word_1_481' title='bbox 1197 4983 1386 5043; x_wconf 91' lang='lat' dir='ltr'>CLXXXIX.</span> <span class='ocrx_word' id='word_1_482' title='bbox 1404 4982 1487 5044; x_wconf 85' lang='lat' dir='ltr'><strong>Idem</strong></span> <span class='ocrx_word' id='word_1_483' title='bbox 1502 4982 1575 5043; x_wconf 83' lang='lat' dir='ltr'><strong>libro</strong></span> <span class='ocrx_word' id='word_1_484' title='bbox 1589 4984 1711 5064; x_wconf 83' lang='lat' dir='ltr'><strong>septimo</strong></span> <span class='ocrx_word' id='word_1_485' title='bbox 1723 4981 1905 5064; x_wconf 80' lang='lat' dir='ltr'><strong>Dipestomm·</strong></span> 
     </span>
     <span class='ocr_line' id='line_1_51' title="bbox 359 5068 1922 5154; baseline -0.005 -18"><span class='ocrx_word' id='word_1_486' title='bbox 359 5075 517 5137; x_wconf 93' lang='lat' dir='ltr'>CLXXVI.</span> <span class='ocrx_word' id='word_1_487' title='bbox 536 5074 617 5136; x_wconf 73' lang='lat' dir='ltr'><strong>Idne</strong></span> <span class='ocrx_word' id='word_1_488' title='bbox 641 5073 716 5136; x_wconf 78' lang='lat' dir='ltr'><strong>libro</strong></span> <span class='ocrx_word' id='word_1_489' title='bbox 739 5073 889 5136; x_wconf 79' lang='lat' dir='ltr'><strong>undecimo</strong></span> <span class='ocrx_word' id='word_1_490' title='bbox 906 5075 946 5138; x_wconf 89' lang='lat' dir='ltr'><strong>ud</strong></span> <span class='ocrx_word' id='word_1_491' title='bbox 959 5077 1125 5139; x_wconf 82' lang='lat' dir='ltr'><strong>Plautium.</strong></span> <span class='ocrx_word' id='word_1_492' title='bbox 1216 5074 1276 5136; x_wconf 90' lang='lat' dir='ltr'><strong>Ubi</strong></span> <span class='ocrx_word' id='word_1_493' title='bbox 1287 5076 1457 5154; x_wconf 80' lang='lat' dir='ltr'><strong>pugnantis</strong></span> <span class='ocrx_word' id='word_1_494' title='bbox 1469 5076 1551 5136; x_wconf 87' lang='lat' dir='ltr'><strong>inter</strong></span> <span class='ocrx_word' id='word_1_495' title='bbox 1564 5093 1596 5136; x_wconf 89' lang='lat' dir='ltr'><strong>se</strong></span> <span class='ocrx_word' id='word_1_496' title='bbox 1608 5076 1642 5136; x_wconf 93' lang='lat' dir='ltr'><strong>in</strong></span> <span class='ocrx_word' id='word_1_497' title='bbox 1654 5073 1844 5138; x_wconf 74' lang='lat' dir='ltr'><strong>Testamento</strong></span> <span class='ocrx_word' id='word_1_498' title='bbox 1853 5068 1922 5149; x_wconf 81' lang='lat' dir='ltr'><strong>jube</strong></span> 
     </span>
     <span class='ocr_line' id='line_1_52' title="bbox 362 5167 1922 5250; baseline -0.003 -20"><span class='ocrx_word' id='word_1_499' title='bbox 362 5225 366 5230; x_wconf 91' lang='lat'>.</span> <span class='ocrx_word' id='word_1_500' title='bbox 398 5170 436 5229; x_wconf 90' lang='lat' dir='ltr'><strong>In</strong></span> <span class='ocrx_word' id='word_1_501' title='bbox 454 5168 502 5229; x_wconf 90' lang='lat' dir='ltr'><strong>bis</strong></span> <span class='ocrx_word' id='word_1_502' title='bbox 524 5167 670 5228; x_wconf 89' lang='lat' dir='ltr'><strong>omnibus</strong></span> <span class='ocrx_word' id='word_1_503' title='bbox 690 5167 810 5246; x_wconf 85' lang='lat' dir='ltr'><strong>officiis,</strong></span> <span class='ocrx_word' id='word_1_504' title='bbox 835 5187 906 5246; x_wconf 84' lang='lat' dir='ltr'><strong>quae</strong></span> <span class='ocrx_word' id='word_1_505' title='bbox 925 5170 1128 5250; x_wconf 87' lang='lat' dir='ltr'><strong>officiumper</strong></span> <span class='ocrx_word' id='word_1_506' title='bbox 1176 5173 1294 5244; x_wconf 83' lang='lat' dir='ltr'><strong>rentur,</strong></span> <span class='ocrx_word' id='word_1_507' title='bbox 1318 5174 1468 5228; x_wconf 88' lang='lat' dir='ltr'><strong>neutrum</strong></span> <span class='ocrx_word' id='word_1_508' title='bbox 1490 5173 1594 5228; x_wconf 87' lang='lat' dir='ltr'><strong>retum</strong></span> <span class='ocrx_word' id='word_1_509' title='bbox 1616 5174 1672 5228; x_wconf 87' lang='lat' dir='ltr'><strong>est.</strong></span> <span class='ocrx_word' id='word_1_510' title='bbox 1699 5171 1725 5228; x_wconf 90' lang='grc'><strong>1.</strong></span> <span class='ocrx_word' id='word_1_511' title='bbox 1750 5168 1922 5241; x_wconf 80' lang='lat' dir='ltr'><strong>Quererum</strong></span> 
     </span>
     <span class='ocr_line' id='line_1_53' title="bbox 357 5257 1922 5342; baseline -0.003 -20"><span class='ocrx_word' id='word_1_512' title='bbox 357 5261 469 5322; x_wconf 84' lang='lat' dir='ltr'><strong>liberes</strong></span> <span class='ocrx_word' id='word_1_513' title='bbox 481 5260 550 5322; x_wconf 90' lang='lat' dir='ltr'><strong>ficri</strong></span> <span class='ocrx_word' id='word_1_514' title='bbox 563 5279 709 5342; x_wconf 82' lang='lat' dir='ltr'><strong>personas</strong></span> <span class='ocrx_word' id='word_1_515' title='bbox 723 5260 808 5340; x_wconf 81' lang='lat' dir='ltr'><strong>leges</strong></span> <span class='ocrx_word' id='word_1_516' title='bbox 821 5261 1007 5338; x_wconf 83' lang='lat' dir='ltr'><strong>desiderent,</strong></span> <span class='ocrx_word' id='word_1_517' title='bbox 1023 5281 1129 5323; x_wconf 85' lang='lat' dir='ltr'><strong>servus</strong></span> <span class='ocrx_word' id='word_1_518' title='bbox 1177 5266 1288 5321; x_wconf 87' lang='lat' dir='ltr'><strong>natura</strong></span> <span class='ocrx_word' id='word_1_519' title='bbox 1308 5261 1529 5339; x_wconf 88' lang='lat' dir='ltr'><strong>prohibentur,</strong></span> <span class='ocrx_word' id='word_1_520' title='bbox 1561 5261 1649 5321; x_wconf 86' lang='lat' dir='ltr'><strong>nullo</strong></span> <span class='ocrx_word' id='word_1_521' title='bbox 1674 5261 1739 5339; x_wconf 82' lang='lat' dir='ltr'><strong>lege</strong></span> <span class='ocrx_word' id='word_1_522' title='bbox 1764 5257 1922 5319; x_wconf 76' lang='lat' dir='ltr'><strong>oenomao</strong></span> 
     </span>
     <span class='ocr_line' id='line_1_54' title="bbox 357 5353 1259 5434; baseline -0.003 -19"><span class='ocrx_word' id='word_1_523' title='bbox 357 5354 545 5416; x_wconf 82' lang='lat' dir='ltr'><strong>intervenire</strong></span> <span class='ocrx_word' id='word_1_524' title='bbox 565 5372 630 5416; x_wconf 87' lang='grc'><strong>000</strong></span> <span class='ocrx_word' id='word_1_525' title='bbox 649 5358 760 5434; x_wconf 86' lang='lat' dir='ltr'><strong>potest.</strong></span> <span class='ocrx_word' id='word_1_526' title='bbox 778 5355 807 5412; x_wconf 90' lang='lat' dir='ltr'><strong>l.</strong></span> <span class='ocrx_word' id='word_1_527' title='bbox 823 5353 892 5414; x_wconf 90' lang='lat' dir='ltr'><strong>Non</strong></span> <span class='ocrx_word' id='word_1_528' title='bbox 906 5353 1003 5414; x_wconf 87' lang='lat' dir='ltr'><strong>debeo</strong></span> <span class='ocrx_word' id='word_1_529' title='bbox 1019 5354 1127 5414; x_wconf 89' lang='lat' dir='ltr'><strong>melio·</strong></span> <span class='ocrx_word' id='word_1_530' title='bbox 1177 5359 1259 5413; x_wconf 88' lang='grc'><strong>0001.</strong></span> 
     </span>
    </p>

    <p class='ocr_par' dir='ltr' id='par_1_27' title="bbox 358 5442 1894 5527">
     <span class='ocr_line' id='line_1_55' title="bbox 358 5442 1894 5527; baseline -0.005 -20"><span class='ocrx_word' id='word_1_531' title='bbox 358 5445 400 5507; x_wconf 85' lang='lat' dir='ltr'><strong>ris</strong></span> <span class='ocrx_word' id='word_1_532' title='bbox 413 5446 596 5508; x_wconf 87' lang='lat' dir='ltr'><strong>conditionis</strong></span> <span class='ocrx_word' id='word_1_533' title='bbox 609 5464 684 5522; x_wconf 87' lang='lat' dir='ltr'><strong>esse,</strong></span> <span class='ocrx_word' id='word_1_534' title='bbox 701 5463 797 5527; x_wconf 86' lang='lat' dir='ltr'><strong>quam</strong></span> <span class='ocrx_word' id='word_1_535' title='bbox 805 5451 914 5508; x_wconf 78' lang='lat' dir='ltr'><strong>erector</strong></span> <span class='ocrx_word' id='word_1_536' title='bbox 925 5463 1024 5524; x_wconf 91' lang='lat' dir='ltr'><strong>meus,</strong></span> <span class='ocrx_word' id='word_1_537' title='bbox 1036 5465 1055 5507; x_wconf 87' lang='lat' dir='ltr'><strong>e</strong></span> <span class='ocrx_word' id='word_1_538' title='bbox 1065 5465 1126 5526; x_wconf 88' lang='lat' dir='ltr'><strong>quo</strong></span> <span class='ocrx_word' id='word_1_539' title='bbox 1210 5445 1292 5506; x_wconf 87' lang='lat' dir='ltr'>CXC.</span> <span class='ocrx_word' id='word_1_540' title='bbox 1308 5443 1389 5506; x_wconf 86' lang='lat' dir='ltr'><strong>Idem</strong></span> <span class='ocrx_word' id='word_1_541' title='bbox 1403 5444 1480 5506; x_wconf 70' lang='lat' dir='ltr'><strong>libro</strong></span> <span class='ocrx_word' id='word_1_542' title='bbox 1493 5442 1703 5504; x_wconf 54' lang='grc' dir='ltr'><strong>0010ιο10110</strong></span> <span class='ocrx_word' id='word_1_543' title='bbox 1712 5442 1894 5524; x_wconf 70' lang='lat' dir='ltr'><strong>esperone.</strong></span> 
     </span>
    </p>

    <p class='ocr_par' dir='ltr' id='par_1_28' title="bbox 355 5533 1917 5617">
     <span class='ocr_line' id='line_1_56' title="bbox 355 5533 1917 5617; baseline 0 -19"><span class='ocrx_word' id='word_1_544' title='bbox 355 5537 406 5615; x_wconf 85' lang='lat' dir='ltr'><strong>jus</strong></span> <span class='ocrx_word' id='word_1_545' title='bbox 419 5538 453 5598; x_wconf 85' lang='lat' dir='ltr'><strong>In</strong></span> <span class='ocrx_word' id='word_1_546' title='bbox 466 5555 517 5600; x_wconf 87' lang='lat' dir='ltr'><strong>me</strong></span> <span class='ocrx_word' id='word_1_547' title='bbox 531 5538 651 5600; x_wconf 82' lang='lat' dir='ltr'><strong>transit.</strong></span> <span class='ocrx_word' id='word_1_548' title='bbox 1217 5537 1359 5617; x_wconf 88' lang='lat' dir='ltr'><strong>Pupillus</strong></span> <span class='ocrx_word' id='word_1_549' title='bbox 1381 5555 1439 5597; x_wconf 91' lang='lat' dir='ltr'><strong>nee</strong></span> <span class='ocrx_word' id='word_1_550' title='bbox 1461 5535 1550 5612; x_wconf 86' lang='lat' dir='ltr'><strong>velle,</strong></span> <span class='ocrx_word' id='word_1_551' title='bbox 1571 5554 1628 5596; x_wconf 87' lang='lat' dir='ltr'><strong>nec</strong></span> <span class='ocrx_word' id='word_1_552' title='bbox 1648 5535 1726 5596; x_wconf 90' lang='lat' dir='ltr'><strong>nolle</strong></span> <span class='ocrx_word' id='word_1_553' title='bbox 1741 5535 1775 5594; x_wconf 90' lang='lat' dir='ltr'><strong>iu</strong></span> <span class='ocrx_word' id='word_1_554' title='bbox 1789 5551 1824 5595; x_wconf 83' lang='lat' dir='ltr'><strong>ea</strong></span> <span class='ocrx_word' id='word_1_555' title='bbox 1835 5533 1917 5598; x_wconf 60' lang='lat' dir='ltr'><strong>cute,</strong></span> 
     </span>
    </p>
   </div>
   <div class='ocr_carea' id='block_1_6' title="bbox 0 0 2000 6338">
    <p class='ocr_par' dir='ltr' id='par_1_29' title="bbox 0 0 2000 6338">
     <span class='ocr_line' id='line_1_57' title="bbox 0 0 2000 6338; baseline 0 0"><span class='ocrx_word' id='word_1_556' title='bbox 0 0 2000 6338; x_wconf 95' lang='lat' dir='ltr'><strong> </strong></span> 
     </span>
    </p>
   </div>
  </div>
 </body>
</html>
