4200 6348
378 332 416 392 28
990 349 1101 410 erasa
1124 349 1361 412 anonaeuus

377 499 549 578 complices,
577 504 720 582 fautores,
748 516 778 570 et
806 519 1010 594 receptatores
1036 521 1144 578 tenore

375 594 575 670 presentium
595 601 782 676 requirimus
804 611 834 665 et
856 613 1020 668 monemus
1033 608 1067 667 in
1081 608 1144 669 vir-

376 689 442 744 tute
477 695 589 750 sauctae
625 692 822 773 obedientior,
852 704 882 758 et
908 699 965 760 sub
994 701 1146 779 praedietis

377 779 693 862 omnibusetsingulis
705 790 848 866 punisse
859 791 924 871 ipso
938 792 1142 870 incurrendis,

377 871 491 933 directe
528 879 733 958 precipiendo
766 884 960 962 mandamus,
993 893 1145 965 quaterna

376 963 456 1025 infra
485 970 644 1047 sexaginta
675 974 749 1050 diae,
790 995 924 1054 quorum
952 978 1060 1056 viginti
1088 999 1144 1059 pre

377 1061 608 1140 primaviginti
619 1083 674 1142 pro
689 1068 834 1136 secundo,
848 1075 878 1129 et
885 1070 1019 1149 reliquos
1033 1071 1144 1150 viginti

376 1149 441 1210 dies
462 1171 517 1230 pro
540 1157 629 1216 tertio
652 1164 682 1218 et
706 1163 912 1240 peremptorie
926 1164 1060 1224 termino
1074 1166 1145 1225 assi·

376 1261 520 1322 gnamus,
549 1248 589 1308 ab
611 1251 755 1314 affixione
784 1255 983 1334 praesentium
1008 1256 1041 1315 in
1069 1257 1143 1318 loeis

376 1338 586 1419 infrascriptis,
605 1343 780 1407 immediate
799 1357 960 1426 sequentes
974 1367 1142 1410 numeran-

377 1433 432 1495 dos
450 1435 514 1515 ipse
528 1437 687 1504 Martinus.
706 1441 880 1519 complices,
894 1442 1028 1502 fautores
1039 1444 1141 1504 adhae-

376 1533 489 1603 renteS,
520 1535 550 1590 et
571 1537 776 1610 receptatores
799 1534 989 1613 praedietis
1012 1535 1145 1615 prefatis

376 1620 543 1695 erroribus,
560 1640 731 1702 eorumque
749 1626 977 1704 predicatione,
993 1645 1028 1687 ac
1041 1629 1143 1706 publi·

376 1714 506 1790 catione,
522 1720 552 1776 et
566 1717 745 1793 assertione,
768 1717 944 1780 defensione
963 1739 1097 1799 quoque,
1115 1729 1145 1782 ct

376 1806 527 1868 librorum
555 1827 609 1869 seu
642 1809 865 1889 scripturarum
896 1812 1029 1873 editione
1053 1833 1146 1894 super

376 1899 502 1974 eisdem,
519 1902 581 1961 sive
595 1920 703 1962 curtim
718 1903 822 1982 aliquo
838 1905 967 1964 omnino
982 1906 1141 1985 desistant,

375 1990 531 2072 librosque
554 2014 589 2055 ue
616 1997 781 2075 scripturas
803 2015 912 2057 ornnes
936 2003 967 2058 et
997 1999 1143 2079 singulas,

376 2086 518 2166 praefatos
532 2107 651 2149 errores
660 2107 714 2150 seu
725 2107 835 2149 eorum
849 2089 968 2168 aliquos
978 2094 1145 2169 quomodo-

375 2181 450 2242 libet
477 2183 682 2260 continentes,
709 2181 904 2258 romburant,
932 2183 981 2243 vel
1004 2186 1144 2246 comburi

377 2275 500 2335 faciant.

416 2368 484 2447 lpse
503 2369 596 2428 etiarn
616 2368 767 2430 Martinus
779 2387 898 2430 errores
912 2370 951 2449 ctj
964 2371 1145 2431 assertiones

376 2461 554 2539 hujusmodi
569 2461 837 2533 omnincretoect,
850 2480 885 2521 ac
900 2463 938 2539 de
951 2464 1145 2524 revolutione

376 2553 553 2632 hujusmodi
567 2572 623 2633 per
641 2553 763 2632 publica
782 2555 966 2616 documenta
992 2555 1026 2614 in
1047 2556 1146 2618 forma

372 2645 452 2723 juris
461 2646 573 2719 valida,
587 2647 618 2706 in
636 2646 779 2706 menibus
795 2647 930 2708 duorum
945 2648 1146 2710 Praelatorum

375 2739 565 2817 consignata,
591 2741 631 2800 ad
650 2737 799 2800 nosinfra
823 2740 899 2799 alies
923 2741 1036 2801 similes
1058 2761 1146 2803 sexu-

375 2831 464 2909 ginte
476 2831 541 2892 dies
558 2832 806 2902 transmittenda,
827 2832 875 2894 vel
903 2851 958 2910 per
977 2833 1145 2911 ipsummet

378 2923 413 3007 (si
436 2925 475 2985 ad
495 2942 552 2984 nos
572 2925 678 2984 venire
703 2924 846 2998 voluerit,
862 2926 946 3002 quod
966 2927 1063 3000 magis
1079 2927 1145 3006 pla-

376 3015 466 3096 ceret)
477 3016 684 3096 cumpraefato
693 3016 870 3096 plenissimo
881 3017 963 3077 salve
977 3020 1141 3098 conductu,

376 3127 471 3188 quem
494 3129 533 3170 ex
549 3128 635 3170 nrrrrc
655 3109 862 3184 concedimus,
888 3109 1062 3185 deferenda,
1087 3131 1144 3174 nos

376 3202 520 3262 certiores
544 3201 668 3278 efficiat,
686 3207 722 3261 ut
735 3202 773 3262 de
794 3202 860 3279 ejus
878 3220 951 3262 vera
971 3203 1145 3266 obedientie

376 3293 1141 3373 nullusdubitationisscrupulusvalcatremanere.

416 3387 499 3447 Alias
527 3386 563 3462 si,
593 3387 677 3464 quod
700 3387 790 3461 absit,
815 3387 964 3447 Martinus
986 3389 1141 3467 praefatus,

377 3479 540 3559 complices
564 3479 707 3545 farrtores.
736 3479 927 3540 adhaerentes
954 3485 985 3540 et
1006 3488 1144 3562 recepta-

375 3579 458 3632 tores
486 3572 624 3651 predicti
649 3589 736 3632 secus
763 3572 892 3649 egerint,
907 3571 967 3650 [seu
988 3574 1146 3652 praemissa

376 3665 482 3724 omnia
496 3671 526 3724 et
540 3664 661 3743 singula
680 3664 760 3725 infra
775 3669 945 3724 termrnum
964 3666 1145 3744 praedictum

376 3775 449 3818 cum
475 3758 585 3818 ellectu
609 3775 672 3817 nen
699 3757 985 3835 adimplevercrint,
1007 3757 1146 3837 Apostoli

377 3850 533 3910 imitantes
561 3850 743 3922 doctrinam,
765 3849 820 3928 qui
841 3849 1021 3910 haereticum
1043 3851 1144 3913 homi-

376 3941 1141 4022 uem,postprimametsecundamrorreetionem,

376 4034 538 4096 vitandum
552 4035 666 4110 docuit,
682 4052 721 4094 ex
734 4053 818 4095 irrrnc
828 4039 920 4113 prout
933 4053 972 4094 ex
985 4040 1070 4106 tunc,
1084 4041 1115 4096 et
1128 4055 1145 4096 e

376 4144 535 4200 converso,
575 4128 710 4188 eundem
741 4127 926 4199 ltlartinum,
970 4128 1142 4206 complices,

377 4219 579 4287 adhaerentes,
596 4219 732 4280 fautores
741 4227 772 4279 et
779 4224 983 4298 receptatores
990 4218 1143 4298 praefatos,

377 4317 408 4372 et
422 4329 530 4372 eorum
540 4311 719 4391 quemlibet,
730 4317 880 4389 tanquam
889 4311 991 4372 andos
1005 4312 1145 4390 palmites

376 4404 410 4464 in
424 4403 543 4465 Christo
557 4422 621 4464 non
634 4408 805 4480 manentes,
823 4404 876 4464 sed
890 4403 1063 4464 doctrinam
1075 4422 1145 4464 con-

375 4497 503 4557 trariam
518 4497 679 4558 Catholicae
692 4495 762 4556 fidei
777 4497 947 4569 inimicam,
973 4496 1036 4556 sive
1057 4513 1143 4556 scaa-

377 4588 525 4659 dalosam,
552 4607 606 4648 seu
625 4589 814 4666 damnatam,
839 4589 872 4648 in
896 4606 960 4648 non
991 4587 1144 4648 modicam

377 4680 526 4742 offensem
552 4681 665 4741 divinae
694 4681 868 4759 hfajestatis,
896 4698 931 4741 ac
960 4680 1145 4742 Universalis

378 4772 518 4833 Ecclesiae
533 4777 563 4833 et
577 4773 660 4832 Fidei
684 4773 845 4834 Catholicae
870 4772 1092 4832 detrimentum
1116 4779 1147 4834 et

1196 517 1296 593 dictis,
1326 523 1356 578 et
1378 516 1445 577 aliis
1471 521 1580 577 contra
1601 516 1676 576 tales
1703 516 1815 596 ajune
1842 515 1957 578 inflictis

1194 610 1305 689 punis,
1323 616 1354 672 ct
1375 607 1576 690 praesentium
1600 615 1708 671 tenore
1731 609 1910 688 subjicimus
1931 617 1959 671 et

1196 702 1310 764 eisdem
1329 702 1463 762 irretitos
1483 701 1575 762 fuisse
1589 708 1620 762 et
1634 721 1709 777 esse,
1730 702 1959 764 decernimusct

1196 796 1397 856 declaramus.
1506 867 1508 872 ¹

1237 887 1415 949 Inhibemus
1433 893 1582 967 praeterea
1602 887 1660 948 sub
1683 887 1829 948 omnibus
1849 891 1881 947 et
1902 887 1959 948 sin·

1195 979 1275 1059 gulis
1299 981 1466 1060 premissis
1484 981 1593 1060 punis,
1622 999 1659 1040 ec
1679 983 1746 1060 ipso
1760 980 1959 1056 incurrendis,

1197 1073 1340 1133 omnibus
1352 1077 1383 1133 et
1396 1073 1527 1152 singulis
1540 1073 1652 1134 Christi
1666 1073 1811 1134 fidelibus
1824 1075 1962 1152 superius

1196 1166 1375 1239 nominatis
1390 1184 1430 1226 nc
1445 1166 1569 1245 scripta,
1585 1167 1680 1226 etiam
1690 1165 1833 1246 prefatos
1848 1183 1963 1226 errores

1197 1276 1261 1317 non
1280 1259 1479 1331 continentia,
1497 1258 1536 1318 ab
1560 1259 1669 1319 eodem
1687 1259 1819 1319 Martino
1835 1275 1962 1337 quoue

1197 1348 1311 1410 delibet
1329 1351 1450 1410 conilita
1474 1350 1523 1411 rel
1537 1351 1628 1428 edita,
1646 1357 1701 1411 aut
1726 1351 1900 1426 condenda,
1919 1351 1963 1410 rel

1197 1443 1326 1515 edenda,
1336 1461 1390 1504 seu
1400 1461 1508 1504 corum
1518 1443 1631 1523 aliqua,
1642 1443 1963 1522 tanquamabhorniue

1197 1535 1374 1595 orthodoxae
1402 1536 1473 1596 fidei
1493 1536 1639 1612 inimico;
1668 1542 1761 1615 atque
1781 1537 1852 1596 ideo
1873 1537 1964 1596 vehe-

1197 1632 1316 1688 menter
1334 1634 1483 1708 suspccta,
1498 1635 1528 1689 et
1542 1634 1577 1689 ut
1590 1628 1657 1707 ejus
1671 1629 1825 1688 mensoria
1839 1629 1964 1690 omniuo
2060 1627 2061 1632 ’

1197 1720 1334 1780 deleatur
1346 1722 1383 1782 de
1398 1723 1509 1782 Christi
1518 1721 1658 1782 fidelium
1672 1721 1838 1797 consortio,
1854 1721 1963 1800 legere,

1196 1829 1340 1889 asserere,
1379 1815 1556 1892 praedicare,
1596 1814 1734 1888 laudere,
1774 1815 1963 1894 imprimere,

1197 1905 1364 1985 publicare,
1380 1907 1442 1966 sire
1454 1907 1618 1968 defendere
1632 1925 1687 1985 per
1701 1924 1733 1966 se
1745 1907 1795 1966 rel
1807 1906 1907 1966 alium
1916 1925 1965 1967 seu

1196 1999 1282 2074 alios,
1291 1999 1404 2059 directe
1413 1999 1462 2059 vel
1472 1999 1630 2072 indirecte,
1642 1999 1734 2059 tacite
1748 2000 1798 2059 vel
1812 2017 1964 2079 expresse,

1196 2091 1317 2170 publice
1331 2091 1517 2165 veloeoulte,
1534 2111 1587 2152 seu
1602 2092 1636 2151 in
1651 2092 1794 2152 domibus
1815 2092 1893 2170 suis,
1909 2092 1966 2154 sire

1197 2182 1264 2242 aliis
1286 2183 1369 2252 locis,
1387 2183 1516 2262 publicis
1538 2183 1587 2242 vel
1601 2183 1727 2263 priuatis
1749 2189 1873 2260 tenere,
1898 2203 1966 2264 quo-

1197 2277 1353 2355 quomodo
1378 2282 1583 2354 precsumaut;
1613 2276 1753 2356 quinimo
1774 2276 1829 2336 illa
1843 2277 1966 2338 combu-

1196 2375 1277 2444 rant,
1293 2373 1329 2429 ut
1342 2368 1516 2448 praefertur.

1236 2463 1397 2523 llouemus
1406 2462 1531 2540 insuper
1545 2479 1652 2522 omnes
1663 2466 1693 2521 et
1700 2461 1844 2540 singulos
1858 2462 1969 2524 Christi

1196 2553 1301 2614 fideles
1314 2555 1503 2634 supradictos
1517 2554 1574 2614 sub
1588 2553 1696 2614 eadem
1711 2556 1966 2616 excommunica-

1196 2646 1365 2708 tionislatre
1379 2646 1538 2706 sententiaa
1549 2664 1651 2724 perna,
1670 2651 1705 2706 ut
1718 2647 1887 2708 hereticos
1896 2667 1970 2728 pra-

1196 2739 1292 2798 dictos
1305 2739 1484 2814 declaratos,
1505 2742 1535 2798 ct
1558 2739 1790 2814 condemnatos,
1814 2741 1969 2802 mandatis

1196 2831 1308 2890 nostris
1321 2849 1385 2892 non
1399 2831 1657 2911 obtemperantes,
1677 2836 1747 2910 post
1768 2832 1897 2912 lapsum
1911 2840 1969 2895 ter-

1196 2923 1275 2982 mini
1288 2923 1452 3003 supradicti
1468 2924 1583 2984 evitent
1597 2927 1626 2983 et
1640 2925 1841 3002 quantumin
1856 2927 1902 2988 eis
1915 2933 1966 3006 est,

1196 3015 1305 3076 evitari
1321 3015 1453 3090 faciant;
1478 3034 1534 3076 uec
1556 3035 1627 3076 cum
1648 3017 1765 3077 eisdem
1782 3019 1834 3079 vel
1863 3037 1970 3082 eorum

1196 3107 1299 3186 aliquo
1319 3109 1551 3185 commercium,
1573 3108 1784 3188 autaliquem
1811 3129 1970 3174 conversu-

1195 3199 1314 3260 tionem
1328 3219 1382 3260 seu
1401 3201 1655 3261 communionem
1668 3201 1817 3278 habeant,
1845 3223 1906 3267 nec
1931 3207 1971 3267 eis

1196 3293 1366 3353 necessaria
1380 3292 1564 3353 ministrent.

1236 3385 1282 3444 Ad
1302 3384 1452 3463 majorem
1472 3390 1621 3465 praetcrea
1639 3384 1713 3446 dicti
1727 3387 1870 3452 Martini.
1901 3408 1970 3452 suo-

1195 3493 1328 3555 rumque
1353 3476 1549 3557 complicum,
1575 3476 1732 3538 fautorum
1753 3485 1785 3539 et
1809 3481 1972 3544 adhaeren-

1195 3570 1275 3628 tium
1292 3587 1328 3630 ac
1339 3575 1565 3649 receptatorum
1583 3569 1818 3649 praedictorum,
1846 3574 1892 3636 sic
1906 3581 1972 3656 post

1195 3660 1317 3740 lapsum
1330 3662 1455 3722 termini
1468 3661 1604 3741 predicti
1618 3661 1850 3728 declarotarum
1873 3669 1970 3729 here·

1195 3754 1339 3830 tinorum,
1371 3759 1401 3815 et
1429 3755 1708 3816 condemnatorum
1742 3758 1970 3830 confusionem,

1195 3847 1347 3906 universis
1367 3852 1397 3907 et
1418 3847 1547 3926 sirrgulis
1568 3848 1731 3927 utriusque
1749 3868 1846 3913 sexus
1862 3855 1972 3915 Christi

1195 3938 1347 4014 fidelibus
1365 3940 1561 4012 PatriarchiS,
1572 3940 1831 4022 Archiepiscopis,
1850 3947 1974 4026 Episco-

1195 4031 1252 4110 pis,
1291 4031 1554 4104 Patriarchalium,
1594 4034 1925 4116 lletropolitanarum,
1944 4045 1974 4100 et

1195 4123 1326 4185 aliarum
1338 4125 1575 4201 Cathedralium,
1591 4126 1835 4204 Collegiatarnm
1843 4151 1883 4194 ac
1896 4132 1973 4193 infe-

1194 4217 1313 4276 riorum
1362 4217 1567 4277 Ecclesiarum
1614 4217 1774 4296 Praelatis3
1822 4224 1974 4304 Capitulis

1195 4307 1321 4387 aliisque
1341 4309 1479 4387 personis
1501 4309 1726 4388 Ecclesiasticis,
1749 4311 1973 4394 Saecularihus,

1195 4407 1225 4462 et
1239 4401 1419 4480 quorumvis
1442 4400 1604 4477 Ordinem,
1628 4403 1723 4464 etiam
1747 4407 1974 4471 Mendiratium

1197 4491 1377 4573 [praesertim
1393 4493 1458 4572 ejus
1472 4494 1736 4573 Congregationis,
1763 4499 1857 4577 rrrrjus
1871 4502 1975 4564 dictus

1195 4587 1343 4648 Martinus
1364 4593 1409 4646 est
1426 4585 1589 4665 professus,
1606 4588 1681 4648 etin
1705 4607 1768 4668 qua
1781 4592 1901 4672 degere
1927 4595 1976 4656 vel

1195 4679 1311 4740 morari
1324 4678 1444 4758 dicitur>
1457 4679 1670 4756 Regularibus,
1682 4683 1850 4762 exemptis,
1864 4692 1898 4748 et
1911 4706 1975 4748 non

1196 4771 1354 4849 exemptis,
1367 4789 1423 4830 nec
1438 4789 1502 4831 non
1516 4771 1678 4847 universis,
1692 4779 1724 4834 et
1735 4774 1870 4854 singulis
1887 4781 1977 4842 Prin·

377 4865 558 4924 scandalum
589 4865 844 4943 dogmatinautes‚
875 4873 906 4924 et
932 4864 1143 4942 praedicantes,
1193 4862 1321 4941 cipibus,
1346 4881 1540 4941 quacumque
1569 4864 1781 4928 Ecclesiastico
1800 4869 1853 4930 vel
1878 4889 1975 4934 mun·

378 4957 477 5018 eleves
484 4975 607 5037 quoque
615 4957 754 5018 Ecclesia
765 4957 999 5036 vilipendentes,
1009 4956 1146 5016 notorius

1194 4953 1274 5014 dana
1287 4954 1476 5033 fulgentibus
1488 4954 1648 5033 dignitate,
1664 4957 1813 5037 Regibus,
1831 4962 1974 5043 lmpera-

377 5055 409 5112 et
439 5051 609 5128 pertinaces
635 5050 793 5110 haereticos
821 5049 929 5110 (cadem
965 5048 1146 5108 auctoritate
1192 5046 1267 5106 toris
1306 5047 1505 5122 Electorihus,
1541 5048 1687 5122 Drrcibus,
1721 5051 1973 5133 Marchionibus,

377 5141 470 5202 fuisse
496 5146 527 5202 ct
549 5159 613 5202 esse
641 5142 843 5216 declamatae,
870 5139 995 5200 eosdem
1014 5143 1050 5197 ut
1069 5139 1147 5198 tales

377 5234 489 5294 barram
504 5234 582 5294 serie
596 5235 850 5305 condemnamus,
866 5237 896 5290 et
906 5247 1024 5308 eospro
1034 5229 1147 5290 talibus

377 5327 485 5387 haberi
512 5327 551 5386 ab
577 5326 722 5386 omnibus
745 5325 906 5402 utriusque
927 5339 1018 5382 sexus
1036 5321 1147 5382 Christi

348 5472 352 5478 .
378 5418 521 5479 fidelibus
534 5417 716 5497 supradictis
733 5416 877 5476 volumus
890 5419 926 5474 ut
940 5413 1144 5490 mandamus;

378 5529 491 5588 eosque
516 5528 624 5570 omnes
647 5515 677 5570 et
702 5507 841 5584 singulos
866 5506 1011 5568 omnibus
1038 5523 1145 5584 supra·

1194 5137 1372 5215 Comittbus,
1384 5139 1565 5215 Beronibus,
1585 5141 1769 5221 Capitancis,
1793 5147 1974 5210 Conducto-

1195 5229 1289 5306 rihus,
1313 5232 1495 5304 Domiccllis‚
1513 5233 1808 5313 Communitatibus,
1835 5241 1975 5304 Univer-

1194 5321 1344 5399 sitatibus,
1370 5323 1591 5401 Potentatibus,
1628 5325 1822 5407 Civitatibus,
1853 5334 1972 5404 Terris.

1196 5413 1316 5491 CastriS,
1338 5421 1369 5475 et
1386 5417 1483 5489 Locis,
1508 5434 1563 5476 sen
1590 5435 1701 5478 eorum
1727 5419 1972 5503 habitatoribus,

1196 5505 1322 5576 civibus,
1338 5513 1369 5567 ot
1383 5507 1501 5585 incolis,
1515 5509 1723 5589 omnibusque
1739 5513 1808 5574 aliis
1821 5522 1857 5576 et
1866 5517 1974 5595 sinau-
