3964 6348
638 447 689 508 DE
708 445 974 510 consciarum.
1547 449 1606 508 313

48 615 99 678 111.
121 613 239 676 duarum
253 613 446 700 epistolarum
466 613 648 680 Pallouioini
663 611 702 674 ad
713 611 785 674 lili-
834 613 965 692 Paluda,
977 615 1095 678 6611661
1109 617 1148 678 de
1158 616 1315 694 Fontibus,
1331 617 1439 696 utiquo
1450 614 1604 693 66116666.

46 704 138 768 atum
151 706 286 782 16616166,
303 708 336 772 16
355 707 459 792 quibiu
472 706 502 770 Ε
504 705 621 768 lizolcloe
633 705 786 766 seruilium
836 705 985 769 Similiter
1001 709 1093 770 Solus
1106 710 1141 772 de
1153 711 1230 792 just.
1246 709 1268 770 l.
1284 713 1314 772 6.
1328 729 1358 790 q.
1376 713 1405 770 1.
1421 717 1481 770 ort.
1495 709 1526 768 6.
1542 707 1604 782 611;

46 797 196 860 denoteris
220 799 445 882 probabilitatis
475 797 656 860 illustrando
687 797 787 858 unaue
835 800 950 881 quondo
968 811 1036 862 sunt
1053 804 1205 882 opiniones
1219 803 1389 883 probabiles
1405 803 1485 862 inter
1504 817 1607 882 qraoes

47 891 238 963 Palloririuus,
255 892 397 970 coneedit,
411 899 499 952 utsuo
508 890 786 974 pr·oProbobilismo
825 891 917 970 ,Μ.,
941 902 1040 956 utrum
1063 897 1206 977 sequaris,
1232 897 1263 956 16
1287 903 1350 958 tuto
1363 894 1448 956 babes
1462 898 1608 956 eonscien-

47 993 190 1066 arqurnenta
205 982 786 1068 1666666666661616166661111661166
834 989 918 1048 tiam.
939 987 971 1048 Si
986 989 1128 1050 Corduba
1148 996 1230 1050 66616
1253 989 1443 1068 iaspioiatur,
1469 991 1529 1047 stat
1549 1003 1606 1065 pro

43 1096 148 1160 superne
158 1079 379 1160 speculationes,
395 1097 467 1160 quas
479 1076 587 1138 solidas
599 1076 719 1159 suturas
733 1075 786 1138 ud·
834 1080 947 1140 tutiore
971 1082 1062 1142 etiam
1097 1088 1205 1144 eontra
1238 1080 1494 1162 probabiliorem,
1523 1078 1606 1140 unde

43 1167 131 1250 firmat.
148 1169 252 1232 Verum
273 1170 349 1252 quid
363 1191 400 1232 ece
414 1168 557 1254 ejusmodi
571 1169 710 1250 formulis
728 1168 786 1230 eol·
835 1172 968 1234 nimium
983 1175 1065 1249 dicit,
1078 1175 1125 1234 611
1139 1175 1318 1236 ostendetur
1331 1192 1349 1234 a
1360 1193 1392 1234 n.
1411 1174 1479 1234 178.
1499 1171 1604 1233 Terill.

44 1261 193 1344 liqiposu‘t?
210 1263 337 1326 Similia
352 1263 425 1345 leqes
442 1264 473 1324 in
487 1262 617 1346 epistolis
641 1261 787 1324 6661166-
836 1270 942 1326 manen
958 1267 989 1326 16
1006 1266 1077 1348 Req.
1093 1286 1123 1348 q.
1140 1269 1190 1328 67.
1206 1287 1238 1330 n.
1255 1269 1303 1328 18.
1321 1272 1411 1346 putat
1431 1281 1503 1326 euna
1515 1264 1604 1336 velle,

43 1354 156 1418 lisBona
167 1355 207 1418 od
216 1355 428 1418 Mobiliouium
444 1357 475 1418 in
482 1373 515 1416 ea
526 1403 533 1432 ,
546 1374 613 1436 quar
626 1355 701 1415 inter
710 1355 787 1434 ipsas
839 1359 922 1437 quod
937 1365 1001 1420 tota
1023 1361 1381 1440 apperentiarationum,
1398 1366 1462 1420 tam
1472 1377 1510 1420 ex
1520 1357 1605 1438 prin·

43 1448 353 1531 tertebotundeazpmo,
365 1447 786 1531 etsermeutotodr'sputatione3
838 1452 923 1531 eipiis
937 1453 1069 1528 reflexis,
1085 1471 1180 1532 quam
1194 1453 1315 1514 (11666116
1330 1452 1440 1512 debeat
1455 1469 1519 1510 esse
1533 1467 1605 1530 pro-

42 1559 114 1622 utque
127 1550 279 1624 propterea
301 1561 385 1604 sanus
409 1541 556 1622 quispiam
579 1540 647 1601 biae
670 1549 786 1620 arquet,
836 1543 978 1618 habilior,
995 1547 1077 1624 qaod
1092 1548 1184 1607 otiam
1199 1547 1273 1607 dieii
1287 1545 1439 1606 sententia
1458 1543 1603 1621 benigna.

43 1634 133 1696 taam
157 1634 333 1697 Mabitlonii
356 1635 525 1695 sententiam
554 1633 644 1713 161666
670 1631 787 1694 tandem
878 1639 972 1715 Vasq.
985 1637 1098 1700 1616166
1111 1639 1278 1715 benignam
1293 1639 1346 1698 diu
1358 1642 1429 1697 ante
1448 1637 1482 1696 in
1496 1635 1606 1696 sobolis
1631 1652 1690 1713 366

41 1727 192 1808 amplerum.
211 1727 371 1790 Nimirum
386 1725 419 1788 iel
429 1727 541 1788 bortesti
554 1726 679 1788 boruinis
692 1733 743 1800 est,
755 1745 789 1786 ae
837 1747 1036 1791 commanem
1049 1730 1153 1803 faisse,
1166 1749 1239 1792 nam
1249 1730 1332 1791 nitati
1342 1747 1412 1790 eam
1425 1733 1604 1788 tenuerunt.

42 1821 151 1882 66116116
162 1819 287 1882 studiosi
301 1838 415 1900 cupere,
441 1828 476 1881 ut
498 1819 535 1880 ab
555 1819 699 1900 inqenioso
719 1818 788 1880 Viro
837 1823 916 1882 Item
937 1823 1092 1900 Salonius,
1109 1829 1138 1884 et
1151 1826 1183 1884 P.
1201 1825 1276 1884 Nav.
1293 1822 1429 1883 dieentes
1442 1839 1506 1882 6666
1521 1838 1606 1880 oom-

40 1914 140 1992 qaestio
157 1913 264 1996 aliqua
284 1931 343 1996 pro
363 1914 506 1996 diqm'tate
526 1917 695 1984 tractetur,
721 1911 788 1972 oni·
836 1931 977 1991 munem,
993 1917 1037 1975 ati
1056 1921 1145 1976 notat
1165 1916 1273 1976 Deseh.
1290 1915 1322 1974 iu
1337 1934 1387 1996 qu.
1403 1914 1480 1994 faeti
1494 1931 1558 1993 cop.
1574 1915 1605 1973 7.

41 2007 206 2086 66666116
231 2016 433 2088 comparatum
456 2004 575 2078 babere,
597 2017 631 2066 ut
650 2023 716 2085 quer
739 2023 789 2064 nos
837 2007 987 2068 Eamdem
1000 2014 1072 2068 anto
1091 2009 1250 2078 ducentos,
1274 2014 1304 2068 61
1324 2008 1428 2087 piures
1446 2024 1543 2068 66666
1557 2024 1607 2066 ex·

39 2099 122 2176 paria
137 2118 190 2160 esse
211 2099 405 2162 arbitramur
425 2118 480 2182 pro
492 2096 634 2178 quapiam
648 2096 788 2157 sententia
837 2117 939 2178 presse
952 2103 1053 2161 tenuit
1067 2101 1160 2162 Nider
1174 2120 1230 2179 pro
1244 2120 1279 2162 66
1293 2101 1390 2161 611666
1408 2101 1439 2160 8.
1458 2099 1516 2159 Th.
1532 2098 1608 2158 Alti-

38 2189 213 2270 srndamenta,
238 2211 294 2254 non
305 2192 415 2275 pudeat
439 2191 516 2254 leuia
530 2191 567 2252 ab
582 2189 642 2250 alio
655 2187 786 2250 demons—
837 2193 914 2254 siod.
932 2193 1046 2256 Hamb.
1061 2199 1092 2256 et
1106 2193 1193 2270 alios,
1206 2195 1253 2255 ati
1269 2194 1360 2254 refert
1377 2193 1480 2254 Desob.
1494 2209 1558 2272 rap.
1575 2192 1605 2250 8.

40 2285 112 2346 troi-i.
837 2285 943 2361 Terill,
956 2291 1061 2347 autem
1074 2305 1104 2366 q.
1122 2287 1169 2348 16.
1182 2287 1326 2360 ostendit,
1344 2285 1438 2365 quod,
1451 2291 1481 2344 61
1494 2284 1608 2344 fatetur

14 2371 22 2428 Ι
68 2378 203 2440 udaium
217 2379 353 2441 istorum
366 2378 489 2438 decreta
502 2387 515 2414 ⁰
531 2376 601 2456 plus
618 2393 683 2436 666
698 2375 786 2436 avia·
838 2378 911 2438 Eliz.
919 2378 1032 2456 jamab
1043 2379 1130 2440 initio
1141 2378 1284 2440 Ecolesiae
1294 2378 1387 2439 161666
1397 2376 1478 2456 apud
1490 2374 1607 2454 sapien·

39 2475 105 2546 6661,
126 2490 215 2552 quom
236 2473 322 2551 quod
345 2489 381 2532 66
408 2475 548 2549 tempore
571 2467 789 2548 praevaluerint
837 2477 892 2546 tes,
906 2477 936 2531 et
948 2471 1062 2550 probos
1074 2472 1158 2532 viros
1171 2471 1293 2550 praxim
1313 2471 1406 2531 etiam
1427 2467 1607 2530 consulendi

38 2561 160 2644 saiimgia
172 2583 228 2645 pro
243 2565 345 2643 rigida
356 2561 519 2636 sententia,
536 2579 591 2640 per
605 2561 687 2638 qaod
704 2579 788 2621 6666
838 2565 1008 2626 secandum
1023 2566 1207 2626 sententiam
1221 2563 1400 2641 benignam.

39 2653 122 2716 minor
134 2656 250 2718 aceedit
262 2655 448 2728 Auctoritas,
460 2654 486 2714 si
499 2654 650 2714 Ordinem
664 2653 789 2714 illorum
872 2657 961 2724 Quod
976 2657 1100 2717 Amioas
1114 2656 1200 2732 dieit,
1217 2657 1326 2718 merito
1348 2659 1462 2733 negant
1480 2653 1607 2732 plurimi
1632 2660 1691 2720 327

38 2745 202 2810 Professores
225 2749 372 2810 eamdem
393 2751 530 2822 teneant,
549 2765 614 2806 noa
626 2750 733 2806 tenent
750 2763 789 2806 ex
838 2749 891 2812 alii
906 2749 1121 2826 sapientissimi
1132 2750 1201 2824 viri,
1217 2755 1253 2809 61
1266 2753 1384 2810 constat
1399 2765 1437 2808 ex
1449 2747 1545 2810 dietis.

38 2837 219 2920 obligatione;
232 2859 292 2902 666
303 2859 382 2908 eam.
393 2857 488 2918 qaam
498 2838 561 2914 alii,
571 2837 789 2899 babentliber-
878 2845 1027 2902 Austores
1036 2842 1148 2920 reliqui
1158 2859 1214 2921 pro
1228 2841 1326 2920 rigida
1335 2839 1518 2918 eitatiplane
1527 2839 1609 2899 inter

14 2935 114 3006 ,atem
134 2934 287 2996 sentiendi
303 2953 311 2994 ι
327 2951 344 2992 6
359 2937 466 2992 666166
491 2929 660 3008 benignam
682 2936 790 2991 tenent
838 2953 870 2994 66
896 2933 1092 3010 dissentiunt,
1121 2940 1152 2995 et
1179 2952 1236 2994 neo
1263 2951 1344 2994 anus
1371 2932 1514 2994 66666611
1537 2947 1609 2992 oum

37 3041 67 3084 ux
77 3025 136 3086 aliis
149 3026 317 3088 Ordinibus
331 3041 463 3086 numero
481 3023 573 3102 longe
597 3024 716 3102 plures,
733 3041 790 3082 666
839 3027 948 3102 611666,
963 3027 1010 3086 611
1023 3028 1060 3088 de
1074 3027 1180 3088 maltis
1194 3027 1326 3088 ostendit
1333 3024 1498 3086 Cardenus.
1509 3023 1541 3085 d.
1557 3025 1607 3084 66.

36 3117 165 3197 sapientia
180 3119 354 3192 1616616666,
370 3121 401 3180 61
415 3133 489 3178 eum
502 3115 643 3178 libertate
653 3113 788 3190 (11661611,
839 3137 901 3182 au.
927 3121 996 3180 735.
1018 3119 1057 3180 de
1078 3120 1205 3198 reliquis
1226 3117 1343 3198 patebit
1365 3116 1479 3194 legenti
1502 3117 1607 3195 ipsos:

36 3211 259 3288 6661166611661.
839 3212 930 3272 malti
960 3211 1053 3273 etiam
1076 3230 1141 3274 noa
1169 3211 1241 3272 satis
1269 3209 1446 3287 intelligunt
1459 3208 1610 3287 principia

67 3301 165 3366 ’11166
180 3303 313 3366 invenias
326 3305 362 3364 T.
382 3306 411 3364 1.
431 3301 502 3364 hist.
518 3299 649 3366 Probab.
669 3317 700 3377 p.
718 3301 788 3362 395.
841 3305 1002 3366 6661661166
1024 3305 1180 3382 benignae,
1203 3304 1249 3364 uti
1273 3302 1408 3364 ostendit
1439 3302 1610 3362 Cardena

35 3411 107 3474 uper
124 3394 196 3460 bane
225 3396 367 3478 Ttreoloqi
392 3395 497 3458 Nostri
515 3392 723 3474 propositione.
751 3393 792 3454 At
839 3415 871 3460 6.
887 3399 957 3458 911.
974 3405 1029 3459 661
1042 3403 1124 3458 66616
1139 3397 1331 3458 61616661661
1343 3395 1407 3456 rim
1416 3397 1612 3472 argumento·

36 3483 155 3550 11666161
183 3489 268 3552 illius
290 3485 549 3552 uctamariou‘tu
577 3485 682 3561 missis,
710 3503 792 3546 nemo
840 3509 913 3552 rum
926 3490 1019 3552 ilbus.
1038 3491 1243 3565 Quodautem
1256 3487 1520 3567 singulosattinet,
1536 3487 1613 3546 1166-

35 3578 142 3658 661661
164 3582 380 3664 reporimus,
400 3581 453 3661 qui
470 3577 648 3642 eaalt'erum
669 3577 792 3657 666610
842 3601 903 3646 666.
926 3584 1076 3646 relabitur
1098 3584 1131 3644 in
1155 3582 1341 3644 sententiam
1360 3579 1541 3657 benignam,
1566 3577 1613 3638 ati

35 3689 192 3756 1116111661
207 3683 332 3736 “lentur
347 3673 525 3754 0161110666,
547 3672 589 3732 tlt
603 3670 701 3730 “timo
715 3689 793 3732 eona·
842 3677 1009 3738 ostendunt
1033 3676 1153 3736 Carden
1171 3693 1203 3736 n.
1222 3676 1292 3735 738.
1313 3680 1343 3733 61
1365 3672 1472 3732 1166616.
1491 3675 1567 3751 post.
1585 3689 1610 3730 e.

34 3775 137 3843 P⁰t⁰²⁰³
157 3787 212 3828 0⁸⁸0
233 3774 385 3848 01101168,
404 3765 509 3828 1111111
527 3762 635 3844 saltam
651 3769 793 3844 Putarem
842 3771 872 3832 8.
888 3769 1060 3850 iuoppeml.
1087 3785 1172 3841 nam,
1195 3767 1268 3828 dicit
1289 3765 1381 3826 116666
1404 3763 1490 3842 66661
1508 3763 1612 3822 minas

36 3856 91 3937 bu}
108 3859 192 3922 illam
212 3869 313 3921 lamen
326 3857 526 3938 defenderent,
543 3875 579 3916 ¹2⁶²
592 3855 722 3936 im'quius
740 3853 794 3914 btt-
843 3861 1036 3942 probabilem
1059 3861 1093 3920 ia
1112 3859 1298 3938 quibusdam
1320 3855 1440 3918 ossibus
1455 3854 1613 3934 speciatim

36 3949 162 4016 tueatur.
191 3950 386 4030 Quamobrem
415 3948 564 4030 infimior
591 3955 630 4008 est
652 3945 796 4028 ejotmodt‘
844 3955 884 4015 ob
906 3955 1022 4014 motiva
1041 3952 1221 4024 extrinseca,
1239 3951 1285 4010 uti
1299 3955 1344 4008 est
1356 3946 1521 4008 auotoritas
1536 3946 1611 4020 bn,

35 4037 167 4106 lominum
193 4044 374 4121 auotoritas,
393 4044 448 4125 qui
470 4041 653 4123 quidneuera
667 4039 794 4100 sentiant
844 4047 984 4125 exempla
1008 4045 1173 4124 maJ'oram,
1201 4041 1469 4122 praesumptiones,
1505 4039 1614 4100 titulus

37 4134 92 4212 ipsi,
106 4137 213 4218 offerre
225 4137 260 4198 io
274 4135 402 4198 medium
423 4155 482 4196 666
495 4133 612 4208 audent,
627 4151 734 4212 tuoque
749 4150 793 4192 re·
844 4139 1053 4220 possessionis,
1067 4136 1268 4208 consuetudo,
1284 4132 1448 4194 tolerantia
1462 4132 1615 4212 approba·

37 4223 93 4288 lieti
115 4229 243 4290 arbitrio
276 4229 307 4289 iu
331 4227 492 4310 oppositam
518 4225 605 4307 plone
622 4225 793 4286 sententiam
843 4232 906 4292 tiva
918 4231 1120 4310 8666616666]
1135 4229 1168 4288 16
1184 4229 1252 4305 lege
1270 4225 1419 4300 humana,
1442 4230 1500 4286 616.
1517 4225 1613 4303 Fuga.

36 4316 153 4396 [6616616
166 4321 294 4383 obirent.
843 4323 957 4384 1616166
969 4342 1001 4384 se
1015 4341 1079 4384 noa
1094 4319 1244 4382 studuisse
1259 4318 1445 4396 Theologiae,
1460 4317 1614 4378 16166666-

16 4413 19 4470 i
68 4413 162 4476 Etiam
190 4433 291 4494 usque
312 4414 353 4474 ad
373 4431 408 4474 ea
431 4417 572 4491 tempora
589 4409 728 4471 inaudita
750 4415 795 4472 esi
845 4413 1233 4478 propanismum
1255 4410 1616 4472 nihilfaissovorsatum

36 4505 156 4568 16166616
170 4507 334 4568 sententies
348 4505 467 4584 rigida.
483 4501 590 4565 Terill.
606 4501 640 4564 de
656 4521 746 4564 conse.
762 4522 792 4584 q.
844 4511 877 4572 in
892 4508 1098 4588 Theologiois,
1114 4505 1251 4568 Sinnioh.
1269 4509 1299 4564 et
1318 4505 1430 4564 Boron.
1446 4503 1530 4582 pleni
1543 4508 1616 4564 sunt

36 4599 77 4660 19.
97 4619 115 4660 6
132 4621 164 4662 6.
188 4603 241 4662 a.
268 4598 391 4660 adducit
413 4597 528 4677 plures,
554 4597 607 4676 qui
626 4596 795 4676 benignam
845 4601 1000 4677 convitiis,
1025 4602 1128 4679 616666
1150 4597 1318 4658 ostendunt
1342 4613 1374 4656 se
1398 4613 1463 4656 non
1482 4596 1614 4670 6611666,

36 4691 193 4755 docuerunt
214 4697 298 4754 unte.
310 4692 469 4766 ducentos,
489 4693 652 4765 trecentos,
675 4694 705 4748 ot
722 4707 797 4768 qun-
844 4695 898 4756 sed
911 4695 1052 4773 passione
1066 4697 1167 4753 motos
1184 4694 1232 4750 :et
1245 4686 1403 4750 observavi
1425 4705 1483 4765 ego
1497 4704 1568 4766 sepe
1582 4689 1616 4748 in

36 4782 201 4864 bingenus
222 4801 334 4862 annos,
351 4789 381 4844 et
394 4801 414 4844 a
429 4801 484 4842 66.
504 4783 572 4842 183.
589 4781 723 4842 ostendit
728 4782 795 4859 J'am
845 4787 976 4848 lectione
987 4786 1167 4858 Auctoram,
1178 4781 1262 4860 qaod
1273 4781 1327 4859 661
1341 4779 1491 4854 convitiis,
1502 4774 1618 4840 calala-

35 4875 68 4936 tb
81 4878 164 4939 initio
176 4875 326 4938 Ecclesia
340 4875 432 4936 fuisse
446 4875 480 4934 in
493 4874 582 4953 proxi
599 4894 606 4934 :
620 4873 704 4952 quod
713 4891 795 4933 eam·
845 4880 917 4955 niis,
933 4877 1079 4940 aculeatis
1097 4875 1199 4937 verbis
1222 4878 1365 4943 6166166,
1387 4871 1492 4932 minus
1506 4871 1617 4932 intelli·

36 4967 97 5032 dem
110 4969 268 5032 tenuerint
283 4967 412 5047 6611661,
423 4972 563 5040 16616166,
581 4967 612 5026 8.
628 4971 744 5026 Α6166.
756 4985 792 5046 p.
846 4978 931 5050 gant,
957 4977 988 5032 et
1008 4970 1050 5030 616
1070 4965 1512 5045 scribant.quiedestitaantur
1528 4983 1618 5042 arga·

38 5061 61 5122 l·
80 5064 124 5124 lil-
145 5066 174 5124 3·
197 5081 223 5122 θ·
244 5061 294 5122 ¹0·
313 5061 368 5122 Ubi
389 5059 442 5136 til,
465 5057 520 5120 ΕΞ
543 5063 698 5138 rememsis,
729 5077 795 5140 qve!
846 5065 958 5126 mentis
975 5083 982 5123 ι
999 5060 1135 5124 Nimium
1149 5057 1254 5122 debiles
1262 5055 1615 5135 suutarqumontotiones,

36 5153 157 5216 uidentur
184 5153 257 5216 data
287 5151 322 5212 ab
342 5151 465 5212 Alberto
486 5151 544 5225 Μ.,
564 5150 698 5228 liabetur,
719 5151 799 5232 quod
846 5157 947 5236 inquit
960 5169 1042 5218 reete
1057 5154 1148 5216 Carti.
1171 5152 1202 5212 16
1224 5151 1346 5231 preesut.
1368 5147 1417 5210 od.
1433 5150 1463 5210 3.
1480 5167 1516 5229 p.
1531 5149 1614 5225 66161,

36 5245 123 5324 trater
138 5245 277 5327 61166166,
304 5243 349 5305 661
369 5242 492 5324 quilibet
513 5241 596 5304 bomo
617 5263 683 5304 eum
702 5244 797 5306 solute
847 5267 914 5331 qua
928 5247 1026 5310 adsui
1040 5243 1294 5327 confirmationem
1319 5240 1453 5322 ineliqeut
1480 5240 1619 5302 moledic-

33 5345 116 5417 potest
135 5337 218 5420 sequi
236 5335 270 5396 in
294 5335 437 5412 consiliis,
459 5355 670 5416 quornmmque
682 5337 798 5418 opinio·
847 5342 906 5404 tis:
923 5347 954 5402 61
968 5342 1071 5400 Carra.
1090 5336 1121 5397 16
1141 5353 1236 5398 seuera
1255 5353 1374 5414 arqum.
1390 5331 1525 5394 methodo
1537 5351 1570 5413 p.
1586 5337 1614 5396 1.

37 5447 92 5490 666
105 5429 241 5492 uoluerit.
260 5425 420 5488 dummodo
439 5427 571 5508 alicujus
584 5428 719 5490 Itoetoris
734 5449 797 5490 ma·
847 5433 877 5494 d.
894 5437 924 5494 4.
941 5433 984 5492 611
1008 5431 1047 5490 ad
1060 5429 1185 5492 dicteria
1199 5427 1375 5501 recurritur,
1387 5445 1452 5488 eum
1461 5423 1495 5486 de
1502 5425 1619 5505 prinei·

37 5523 83 5602 qui
102 5523 267 5604 opinionem
288 5529 444 5600 aequatam·
457 5521 591 5600 citatque
610 5541 667 5602 pro
691 5524 799 5584 uadem
847 5525 917 5606 puli
930 5543 1018 5586 eausa
1034 5522 1205 5604 desperatur
1224 5539 1231 5582 :
1253 5525 1359 5598 661666
1378 5525 1488 5580 notum
1519 5519 1617 5580 omni·

39 5615 177 5678 ualentia
193 5611 336 5676 Hostien.
349 5615 479 5692 Augirst.
493 5615 607 5692 Rnym.
623 5617 752 5678 Petrum
762 5618 799 5678 ste
850 5619 920 5690 bas,
936 5619 1018 5697 6666
1034 5633 1095 5695 666
1110 5612 1322 5694 sapientiores,
1333 5612 1533 5692 doctoresque
1546 5615 1618 5674 6661
