3964 6348
676 422 726 484 DE
744 421 1007 486 consciarum.
1582 429 1638 488 377

66 591 172 652 auditas
193 589 350 670 utrimque
364 589 566 671 perpendere,
594 593 625 648 et
639 607 715 668 quas
736 593 819 649 certo
867 588 932 650 bili.
951 590 979 651 l.
996 589 1029 651 Si
1042 590 1146 652 minor
1167 591 1368 671 probabilitas
1380 593 1419 654 sit
1432 599 1554 654 tantum
1570 612 1638 673 spe-

65 684 215 748 advertunt
227 701 324 758 veras,
341 684 442 763 seqtri:
459 681 485 742 si
498 699 571 742 uero
582 700 631 742 res
645 682 761 742 incerta
769 681 818 758 sit,
869 681 1012 759 celativa,
1027 683 1100 744 11116
1115 702 1172 743 66.
1189 686 1257 745 117.
1281 685 1397 746 dictum
1421 691 1476 746 est.
1493 687 1523 746 6.
1541 687 1573 747 Si
1587 686 1641 746 ob-

64 795 112 856 per
124 775 326 856 seloquendo,
338 781 466 856 possrrnt
479 774 566 854 sequi
576 774 739 835 consilium
750 793 820 852 pro·
869 778 927 835 stet
939 775 1001 852 lex,
1017 782 1048 836 et
1062 777 1244 838 mandatum
1264 778 1449 857 Superioris,
1465 779 1510 840 uti
1524 778 1640 840 ibidem

64 867 153 930 babile
166 885 305 943 suonam,
332 868 438 930 relicto
452 885 500 934 eo,
516 867 599 946 quod
613 865 672 945 ipsi
680 865 820 946 judicant
870 873 915 927 est
929 868 1056 929 dictum.
1076 872 1104 930 3.
1126 869 1159 928 Si
1180 875 1363 945 contractus
1387 872 1438 932 vel
1453 872 1541 951 quasi
1567 891 1640 934 con-

64 959 252 1040 probabilius,
293 960 456 1022 formando
499 959 556 1019 sibi
600 958 819 1020 censcientiam
868 965 985 1021 tractus
1012 960 1174 1040 prohibeat
1195 963 1282 1042 sequi
1310 964 1413 1024 minus
1433 963 1637 1044 probabilem,

63 1053 220 1114 1661166616
243 1053 324 1115 dicta
354 1073 385 1114 6.
413 1055 482 1115 367.
512 1057 543 1112 61
570 1054 638 1112 377.
665 1057 759 1130 atque
787 1051 819 1112 id
868 1054 913 1113 uti
929 1053 1143 1116 estinludice
1158 1057 1258 1116 6161.
1277 1056 1310 1117 Si
1332 1057 1463 1117 churitas
1484 1075 1639 1136 ergapro-

63 1145 195 1206 crincunt
222 1145 412 1206 1611611666.
436 1147 507 1207 lbi.
537 1144 647 1212 allatae,
685 1144 723 1204 ad
743 1163 820 1223 quas
869 1145 1301 1227 16666,6616616666611161
1315 1149 1457 1229 postulet.
1470 1151 1499 1210 b.
1518 1149 1552 1210 Si
1563 1150 1638 1210 alio-

62 1237 166 1299 accodit
180 1238 263 1316 quod
275 1238 397 1299 facilius
419 1238 459 1298 sit
471 1255 570 1298 1111116
586 1237 696 1316 decipi,
726 1255 820 1315 quam
870 1239 924 1317 qui
936 1239 1173 1301 Sacramentum
1182 1247 1389 1320 exponeretur
1401 1242 1538 1322 periculo
1548 1242 1640 1303 nulli-

63 1330 164 1409 plures.
194 1331 225 1394 5.
257 1331 360 1392 Etiam
389 1335 520 1410 possunt
549 1335 655 1389 contra
666 1329 820 1406 judicium
869 1331 1016 1405 latialia
1040 1335 1640 1414 utaliudpostuletreverentiaCluisto

62 1441 177 1484 suorum
187 1423 274 1501 sequi
285 1422 373 1496 illud,
386 1423 469 1501 quod
479 1422 627 1501 ipsibona
639 1421 700 1482 tide
710 1427 821 1500 putant
870 1441 977 1484 rerum
996 1443 1153 1488 sacrarum
1175 1427 1298 1488 bricteri
1324 1427 1438 1502 debita,
1460 1427 1507 1487 uti
1522 1427 1641 1488 dicetur

63 1533 117 1576 csse
135 1515 339 1594 probabilius,
367 1515 416 1576 uel
431 1514 560 1575 melius:
590 1514 703 1593 poterit
715 1520 821 1574 tamen
871 1514 891 1576 l.
909 1519 938 1576 7.
949 1535 980 1596 p.
995 1521 1024 1578 1.
1038 1538 1094 1580 aa.
1109 1521 1176 1580 16-1.
1190 1519 1266 1579 Vide
1276 1519 1370 1580 etiam
1385 1520 1552 1581 dicendae.
1566 1521 1637 1579 476.

61 1625 116 1668 csse
124 1626 170 1668 res
184 1613 323 1688 suspecta
332 1608 357 1668 si
372 1613 481 1686 agatur
493 1607 531 1667 de
545 1623 613 1682 arro,
629 1606 679 1666 vel
692 1624 821 1666 suorum
911 1610 953 1669 De
968 1611 1086 1685 lodice,
1104 1612 1271 1687 Advocato,
1292 1617 1349 1672 etc.
1367 1613 1446 1672 Item
1465 1612 1503 1671 de
1520 1611 1639 1672 Medico

61 1701 221 1776 commodo,
258 1700 331 1780 quia
359 1719 391 1760 se
416 1699 503 1760 facile
532 1699 669 1759 insinuat
695 1698 822 1758 vitiosus
871 1701 961 1780 plura
979 1704 1133 1765 addentur
1156 1703 1210 1765 lib.
1232 1707 1259 1765 1.
1279 1723 1310 1765 6.
1337 1706 1425 1765 1180.
1443 1703 1636 1765 15661531.

61 1793 300 1872 amorproprius.
312 1803 325 1829 ⁰
341 1795 372 1854 6.
389 1793 421 1854 Si
435 1791 555 1853 nollent
568 1791 691 1871 explere
705 1809 822 1852 666116
871 1793 1106 1857 6166116666.
1124 1798 1213 1857 1615.
1229 1803 1260 1858 61
1276 1799 1364 1858 1618.
1384 1797 1486 1874 agitur
1506 1797 1544 1856 de
1565 1795 1640 1856 abli-

62 1902 153 1962 suum,
165 1885 218 1946 sed
227 1892 364 1964 torpere,
393 1903 428 1946 ac
444 1884 582 1964 paralius
596 1901 687 1961 agere
702 1884 818 1960 omnia,
870 1886 994 1964 gatiano
1010 1889 1230 1964 Professorum,
1251 1894 1282 1950 et
1302 1889 1564 1950 Concionatorum
1585 1907 1640 1967 pu-

60 1983 131 2038 recte
144 1977 186 2038 ait
200 1977 277 2038 Elia.
293 1978 398 2038 minus
412 1977 492 2038 male
511 1975 684 2052 aeternari
701 1993 822 2055 semper
870 1979 948 2041 blice
962 1982 1152 2043 docentium.

61 2069 133 2130 uelut
159 2069 270 2130 clausis
304 2069 401 2130 oculis
424 2074 593 2148 sequantur
620 2085 820 2129 commrmem
910 2073 1111 2150 6671166.
1139 2075 1252 2135 Sancb.
1269 2073 1416 2136 16116661.
1435 2073 1457 2134 l.
1474 2076 1502 2135 6.
1520 2093 1545 2134 c.
1563 2075 1593 2134 4.
1609 2093 1640 2134 6.
1666 2077 1726 2138 168

61 2163 232 2224 sententiam
277 2179 405 2222 suorum
447 2161 717 2236 Conciliariorum,
762 2161 822 2221 nisi
871 2167 901 2224 6.
916 2166 1029 2244 Soprcr
1043 2165 1102 2228 bic.
1118 2185 1147 2228 6.
1166 2169 1215 2229 66.
1237 2167 1351 2246 aliique
1370 2167 1480 2227 docent
1501 2183 1558 2246 pro
1572 2167 1643 2226 arti-

60 2254 172 2328 borum,
195 2255 245 2318 rel
261 2255 388 2316 illorum
403 2255 539 2315 rationes
557 2259 742 2334 apparerent
757 2273 822 2316 esse
871 2257 941 2318 culo
968 2259 1076 2320 mortis
1104 2277 1168 2321 esse
1197 2259 1419 2339 obligationem
1444 2259 1482 2319 ud
1510 2277 1641 2338 sequen·

61 2347 202 2422 meliores,
231 2347 309 2427 quia
327 2347 444 2408 facilius
466 2351 512 2406 cst
534 2346 694 2426 pariciores
710 2346 818 2424 decipi,
871 2349 944 2410 dam
971 2351 1221 2430 probabiliorem,
1256 2357 1310 2412 aut
1343 2351 1452 2412 saltem
1483 2351 1640 2428 tutiorem,

60 2457 144 2517 quarn
164 2440 281 2520 plures.
305 2440 393 2513 Quod
414 2440 452 2500 ad
480 2439 598 2500 bellum
612 2439 823 2500 inchoandum
871 2442 967 2502 etiam
980 2461 1046 2504 non
1059 2443 1138 2505 adsit
1159 2445 1262 2523 aliqua
1279 2444 1369 2520 ratio,
1393 2459 1486 2522 quam
1507 2443 1589 2522 quod
1604 2445 1643 2505 sit

61 2531 168 2608 attinet,
184 2533 317 2594 dicetur.
329 2531 350 2593 l.
367 2535 395 2592 3.
409 2551 442 2613 p.
461 2536 519 2594 l.a
534 2551 565 2592 6.
583 2535 651 2593 867.
871 2551 928 2613 pro
949 2535 1080 2596 articulo
1094 2537 1212 2605 mortis,
1238 2536 1311 2616 cpria
1323 2536 1365 2596 sic
1378 2536 1500 2596 videtur
1513 2536 1642 2596 altudere

94 2633 105 2658 1
125 2625 207 2686 lianc
221 2643 336 2706 quaque
355 2624 519 2686 doctrinam
532 2628 630 2705 carpit
645 2623 772 2686 Caecina
797 2624 819 2686 l.
872 2625 1003 2688 charitas
1015 2645 1089 2707 erga
1103 2629 1238 2708 seipsum
1255 2649 1262 2689 ι
1279 2633 1314 2688 111
1337 2629 1371 2688 16
1392 2632 1644 2704 cenomaniae

61 2733 80 2774 c.
94 2735 123 2796 p.
138 2720 204 2780 707.
222 2725 322 2798 etseq.
337 2727 371 2778 ut
382 2717 586 2798 plurimorum
600 2716 737 2778 scelerum
751 2718 821 2798 soa·
872 2737 934 2797 quo
949 2720 1062 2798 pendet
1076 2721 1240 2794 aeternitas,
1257 2719 1411 2799 eligantur
1432 2719 1585 2780 tutissima
1602 2740 1609 2780 :
1626 2737 1643 2781 e

62 2813 118 2874 leni.
130 2829 217 2890 aeque
230 2809 444 2870 animadvertit
456 2807 646 2871 Christianus
664 2809 690 2870 T
687 2809 823 2891 beolopaa
872 2810 1031 2870 66611616
1048 2829 1055 2871 :
1072 2810 1185 2871 Sanch.
1208 2811 1304 2888 Lago,
1328 2809 1443 2888 aliique
1463 2808 1544 2887 apud
1572 2809 1643 2870 Dia·

61 2917 109 2960 66
128 2899 161 2962 66
184 2901 338 2983 probabili
362 2901 411 2962 sed
431 2899 465 2962 cle
475 2900 675 2982 probabiliore
688 2901 824 2982 apiriam
872 2918 947 2960 nam
955 2920 990 2982 p.
1008 2904 1038 2962 6.
1055 2908 1095 2964 tr.
1114 2902 1262 2966 16119.
1284 2908 1315 2963 61
1337 2902 1415 2963 Gob.
1437 2901 1468 2961 16
1485 2898 1595 2980 Clypea
1607 2919 1641 2981 p.

62 2987 188 3074 bicloqru'
202 2992 424 3056 La-Croiaiaur.
441 3012 452 3054 .·
468 2993 550 3072 quod
572 2992 630 3073 ipsi
652 2993 736 3054 bona
762 2993 823 3055 fide
874 2995 901 3053 1.
919 3013 947 3054 6.
967 2996 1036 3054 166.
1052 3000 1178 3074 negant,
1194 2994 1267 3074 quia
1286 3011 1357 3054 oum
1374 2993 1497 3054 6611116
1511 2995 1645 3073 supersit

62 3089 238 3162 putantesse
252 3085 454 3167 probabilius.
481 3084 553 3159 Oura
568 3082 683 3164 pci'dcm
693 3087 825 3166 proposi·
872 3085 1045 3164 periculum
1073 3087 1188 3166 pcccati
1213 3085 1361 3162 formalia,
1387 3092 1418 3146 et
1443 3085 1486 3146 sic
1513 3103 1644 3165 operans

63 3173 95 3235 tia
106 3195 134 3236 eo
146 3181 242 3240 minas
262 3175 497 3258 reprehendenda
517 3183 590 3245 erat,
612 3175 691 3256 qaod
719 3195 776 3238 666
789 3175 824 3238 66
873 3177 1003 3238 666166
1017 3180 1186 3259 prudenter
1197 3185 1351 3258 operetur,
1372 3197 1438 3238 666
1452 3183 1498 3239 est
1517 3197 1572 3239 cur
1585 3179 1645 3240 1166

62 3284 230 3350 quaeautque
237 3268 440 3352 probabiliore
452 3269 591 3329 66166116
601 3267 742 3350 Iapaatar
754 3289 824 3330 666-
873 3269 977 3330 minus
995 3271 1091 3350 possit
1110 3271 1144 3332 in
1169 3276 1280 3346 morte,
1302 3289 1396 3351 quam
1417 3271 1450 3332 in
1472 3271 1547 3347 vita,
1571 3271 1645 3332 hinc

64 3363 114 3432 lor,
142 3361 191 3422 sed
202 3361 239 3423 de
269 3381 305 3424 ea
336 3379 402 3443 pace
418 3359 610 3442 Principibus
638 3359 824 3441 probabilior
873 3362 1143 3425 6616.166.61·1“61“
1161 3363 1191 3426 6.
1212 3366 1342 3425 baem.
1363 3365 1392 3424 8.
1414 3363 1468 3438 ait,
1489 3361 1644 3425 Sententia

63 3461 192 3533 appareat
203 3462 269 3536 past
288 3454 413 3517 66116666
433 3472 552 3515 suoram
581 3452 823 3517 Coasr'liariomm
873 3453 943 3532 illa,
957 3455 1116 3536 quodlicet
1129 3456 1211 3538 sequi
1228 3455 1403 3537 probabilem
1420 3454 1522 3518 relicta
1536 3455 1645 3537 proba·

63 3543 176 3620 auditas,
191 3565 409 3629 eapcasaaque;
430 3545 624 3608 adiecerim
645 3552 735 3608 teneri
757 3546 824 3610 illac
874 3546 990 3625 biliore,
1018 3549 1183 3632 improprie
1209 3548 1323 3610 dicitur
1345 3548 1441 3610 minas
1464 3553 1541 3624 tata,
1569 3548 1643 3628 qaia

63 3643 135 3698 calca
147 3637 266 3700 deberat
274 3658 288 3716 ,·
296 3648 382 3722 atqae
395 3646 427 3700 at
439 3638 556 3700 cautim
570 3655 631 3698 rem
637 3651 822 3720 proponeret,
871 3638 1046 3720 formaliter
1059 3649 1099 3704 ast
1113 3642 1270 3717 tutissima,
1286 3649 1313 3702 61
1326 3639 1417 3700 solum
1427 3639 1642 3702 6161666616-

64 3727 151 3808 addat,
160 3751 240 3813 posse
255 3731 290 3793 id
304 3750 361 3794 esse
374 3739 537 3813 6666661616
546 3732 690 3813 61696116·
703 3734 741 3793 de
754 3751 822 3809 suo,
873 3732 994 3794 rialiler
1007 3734 1106 3794 mimis
1121 3741 1195 3809 1616,
1211 3741 1368 3815 propterea
1386 3730 1463 3814 qaod
1474 3737 1643 3811 exponatur

65 3821 243 3886 reisuorum
258 3823 433 3886 commodo.
868 3825 1005 3905 periculo
1024 3827 1142 3906 peccati
1160 3824 1339 3900 6616616116,
1364 3822 1441 3906 qaod
1462 3824 1558 3886 calare
1585 3845 1643 3886 666

15 3919 45 3980 bl
99 3913 130 3990 O.
145 3919 193 3978 66.
207 3918 258 3980 Aa
286 3925 325 3978 att
350 3916 510 3998 aliquando
530 3916 671 3997 oblipatio
688 3918 826 3999 sequendi
874 3922 1026 3988 tenemur:
1040 3919 1078 3980 de
1090 3919 1149 3979 boc
1162 3923 1268 3980 temen
1282 3917 1397 3979 redibit
1412 3935 1514 3978 sermo
1528 3935 1558 3979 6.
1572 3919 1640 3980 171.

62 4006 282 4084 probabiliorem
296 4009 399 4072 relicta
418 4010 517 4070 rainae
528 4009 706 4090 probabili?
721 4011 761 4071 R.
873 4011 988 4070 61176.
1005 4009 1059 4070 ubi
1073 4010 1287 4090 explicabitur,
1303 4027 1366 4090 quo
1388 4027 1480 4070 sensu
1492 4009 1644 4071 sententia

97 4099 122 4178 ἓ.
135 4103 162 4162 1.
178 4103 302 4182 Negant
320 4103 412 4181 Vasq.
428 4100 459 4162 6.
476 4104 525 4163 63.
548 4121 573 4162 6.
590 4104 619 4163 1.
635 4103 737 4163 Η6116.
754 4102 774 4164 l.
791 4105 821 4164 6.
872 4101 1036 4181 benignior
1045 4103 1165 4164 dicatur
1173 4103 1280 4170 tutior.
1294 4108 1325 4163 et
1336 4102 1469 4163 laxiores
1482 4102 1643 4164 tutissimae

65 4197 98 4253 tr.
114 4196 139 4254 1.
153 4213 178 4255 6.
195 4197 225 4256 l.
240 4203 337 4258 contr.
362 4197 391 4254 3.
409 4214 440 4256 6.
463 4196 532 4256 666.
555 4195 645 4256 Gard.
662 4195 693 4254 iri
707 4198 735 4256 1.
752 4194 825 4256 ercii
873 4195 956 4272 quod
969 4195 1020 4256 1116
1037 4196 1184 4277 applicari
1202 4194 1303 4270 debet,
1322 4213 1396 4256 nam
1419 4192 1473 4254 illa
1495 4193 1643 4272 obligatio
1659 4261 1664 4270 ,

63 4281 87 4344 6.
100 4288 145 4346 63.
161 4307 178 4348 6
192 4307 224 4349 6.
245 4289 292 4348 11.
308 4286 381 4350 616.
399 4290 449 4348 bt.
466 4287 823 4349 ariam.lill.Te1·ill.in
873 4290 1042 4364 exponeret
1064 4283 1267 4346 moribundos
1286 4283 1474 4361 gravissimis
1496 4284 1644 4346 molestiis

66 4373 125 4458 dep.
140 4398 170 4460 q.
185 4383 236 4442 60.
253 4379 368 4460 aliique
393 4379 494 4454 mulli,
516 4397 590 4441 uam
609 4380 824 4442 universaliter
873 4376 1080 4438 anxietatibus
1089 4383 1120 4438 et
1130 4376 1275 4457 perieulis
1285 4375 1466 4457 desperandi
1479 4395 1486 4437 ε
1500 4383 1643 4437 teneren-

64 4467 159 4531 dicunt
182 4473 214 4532 in
241 4471 329 4532 omni
345 4472 476 4533 materia
498 4490 563 4533 csse
590 4471 709 4532 licitum
736 4474 823 4551 secpri
873 4475 925 4529 tur
939 4470 1023 4531 enim
1045 4469 1151 4531 conari
1171 4469 1280 4530 elicere
1301 4487 1422 4550 semper
1445 4469 1644 4531 6616616166-

63 4561 228 4640 opinionem
242 4563 436 4645 probabilem
448 4563 555 4625 relicta
564 4563 773 4643 probabiliori.
785 4565 824 4627 Si
873 4561 1021 4638 sissimos,
1046 4562 1162 4623 iterum
1190 4561 1331 4622 confiteri
1353 4561 1459 4623 omnia
1484 4562 1589 4640 dubia,
1613 4569 1644 4623 et

63 4670 187 4734 opponas,
207 4676 239 4718 v.
259 4675 308 4736 gr.
334 4655 823 4719 1116161166666666611166611
872 4655 1044 4735 scrupulos,
1079 4655 1226 4716 continuo
1257 4671 1407 4715 renovare
1441 4654 1580 4716 dolorem
1604 4655 1643 4717 de

62 4747 139 4825 sequi
148 4748 389 4827 probabiliorem
401 4749 439 4810 de
452 4749 568 4824 valore,
586 4751 627 4810 R.
650 4751 823 4830 oppositam
872 4748 1011 4828 peccatis,
1028 4752 1060 4808 el
1070 4752 1175 4827 petere
1190 4765 1305 4808 novem
1319 4746 1557 4826 absolutionem,
1582 4753 1640 4811 etc.

63 4836 169 4902 inistis
187 4839 430 4902 'circumstantiis
452 4859 517 4902 666
541 4859 606 4904 esso
630 4842 822 4922 probabilem
873 4841 1019 4914 Quamvis
1032 4845 1137 4901 autem
1159 4841 1257 4901 tutius
1278 4840 1317 4901 sit
1336 4841 1370 4900 in
1388 4840 1517 4901 articulo
1534 4841 1643 4904 mortis

62 4927 114 4991 nisi
132 4933 327 5011 speculativo,
348 4952 380 4994 se
402 4946 507 4994 autem
528 4934 615 5014 loqui
636 4935 673 4995 dc
692 4937 824 5016 practice
872 4933 931 4994 ista
943 4931 1053 5006 lacero,
1070 4938 1177 4994 tamen
1199 4952 1264 4994 666
1279 4937 1357 4994 esset
1369 4931 1477 5010 tulius,
1498 4933 1551 4994 sed
1564 4935 1644 5014 peri·

62 5023 213 5103 probabili,
225 5025 308 5086 illam
320 5032 425 5086 autem
438 5031 551 5087 vocent
561 5025 693 5107 practice
706 5027 822 5107 proba·
872 5025 1016 5096 culosius,
1032 5025 1172 5104 judicare
1190 5043 1222 5088 se
1243 5025 1283 5086 ad
1302 5026 1333 5086 id
1353 5025 1495 5103 obligari,
1529 5027 1577 5087 uti
1599 5027 1642 5088 ibi

63 5111 156 5190 bilem,
169 5136 239 5197 quoe
254 5115 453 5198 probabiliter
467 5119 574 5178 asserit
581 5119 675 5179 licere
684 5119 778 5180 etiam
789 5121 822 5180 in
871 5118 1068 5198 probabitur3
1090 5137 1164 5200 ergo
1181 5119 1347 5180 dicendum
1369 5122 1414 5180 cst
1433 5136 1498 5178 esse
1521 5123 1643 5180 tuntum

63 5205 114 5276 his,
143 5214 173 5269 ct
190 5209 256 5270 istis
282 5209 541 5284 circumstantiis;
578 5210 683 5290 opinio
717 5216 822 5272 eutem
872 5211 1001 5287 consilii,
1015 5215 1051 5271 ut
1065 5211 1098 5272 16
1110 5230 1147 5272 66
1166 5211 1305 5286 articula,
1331 5216 1484 5290 quantum
1507 5208 1643 5292 tieripo-

64 5296 169 5376 dicens,
184 5319 215 5362 r.
231 5320 262 5380 g.
272 5301 365 5363 licere
388 5301 539 5363 conticere
553 5303 775 5365 Eucharistiem
789 5304 822 5365 in
872 5308 1119 5384 test,sequamur
1129 5305 1223 5365 ctiam
1232 5301 1644 5384 materialitertutiora,quia

65 5408 134 5468 pane
147 5393 300 5474 siligineo,
316 5413 380 5456 non
394 5394 702 5475 estprobabiliszsed
712 5396 823 5457 clarius
873 5415 986 5476 nempe
1014 5397 1073 5458 hoc
1100 5397 1206 5476 ipsum
1232 5397 1321 5458 ualde
1349 5401 1472 5474 gratum
1498 5402 1544 5456 cst
1567 5399 1640 5472 lico,

65 5481 195 5546 ridemur
208 5487 304 5566 loqui,
319 5489 345 5547 si
359 5488 508 5564 dicamus,
524 5489 608 5566 quod
624 5488 663 5548 sit
676 5488 821 5566 obligatio
872 5489 954 5550 nolle
969 5490 1061 5550 etiam
1073 5490 1273 5551 materialiter
1295 5506 1386 5568 agere
1414 5493 1522 5550 eontra
1547 5489 1644 5550 ullam

66 5580 202 5656 sapiendi
216 5580 454 5660 probabiliorem
468 5580 572 5642 relicta
592 5579 696 5642 61666
709 5581 822 5660 proba<
873 5583 969 5662 ipsius
982 5583 1183 5644 voluntatem.
