3992 6344
615 409 728 471 LIBER
752 406 915 482 TERTiUs
943 411 1042 472 PARS
1063 412 1074 470 l
1585 406 1644 474 579

71 578 202 654 officium,
231 576 278 638 uti
302 575 441 662 inspecta
467 576 651 638 conscientia
677 575 824 638 fatebitur
873 575 1103 657 onusjustitiae,
1121 576 1174 638 sed
1187 580 1310 640 tantum
1324 572 1439 656 petitur
1457 571 1578 646 modus,
1594 571 1645 636 vel

71 671 163 750 &luti
189 689 261 750 ergo
275 669 452 751 permansio
474 669 507 730 in
530 669 734 750 promissione
757 673 825 730 erat
875 670 1020 746 conditio,
1034 666 1641 750 subquapositagratisdeturmutuum.

71 762 191 827 conditio
208 768 349 846 respectu
372 761 558 840 donationis
580 762 604 824 si
619 779 684 822 non
698 779 824 842 suspen·
874 762 920 826 uti
943 762 1097 842 explicant
1116 763 1218 842 Rayn.
1243 780 1345 844 supro,
1363 763 1393 825 et
1406 759 1517 841 Laym.
1542 755 1595 818 lib.
1612 759 1643 824 l·

69 856 134 928 sira,
150 853 256 920 satem
275 855 454 932 resolutius,
468 855 567 930 idest,
588 853 670 931 talis,
686 871 824 932 quanon
875 859 898 924 t,
928 857 977 918 to.
1002 874 1067 936 cop.
1098 853 1150 916 ult.
1173 873 1204 916 n.
1227 854 1277 916 97.
1301 851 1380 918 Vide
1400 851 1494 915 etiam
1515 848 1647 916 dicanda

69 947 166 1028 posita,
184 948 274 1027 quus
287 948 434 1012 voluisset
446 947 570 1024 resolvi,
581 965 636 1008 seu
647 952 824 1008 nontenere
874 965 956 1008 anm.
975 949 1043 1012 tte.

67 1040 293 1120 promissionem
305 1058 494 1120 suamzergo
508 1039 670 1122 promissio
685 1039 751 1118 Caji
767 1038 826 1100 fnit
914 1039 971 1118 §a
997 1039 1144 1114 Quamvis
1166 1039 1262 1120 possit
1289 1056 1354 1102 asse
1373 1037 1458 1102 aliud
1471 1041 1643 1117 paccatum,
1671 1048 1711 1110 84

67 1132 147 1193 tacite
160 1132 377 1207 conditionata,
394 1150 467 1213 ergo
482 1150 553 1194 oum
567 1150 709 1216 expresse
722 1131 826 1194 condi·
874 1137 980 1194 tamen
992 1152 1057 1195 non
1073 1138 1119 1194 ast
1141 1131 1283 1204 simonia,
1304 1132 1329 1194 si
1351 1131 1541 1196 Beneficium
1555 1127 1646 1192 alicui

67 1224 173 1286 leuata
188 1225 292 1289 futura
306 1225 413 1288 fuisset
432 1225 610 1302 simoniaca,
630 1225 724 1288 etiam
741 1243 827 1288 nuno
876 1225 967 1286 detur
989 1225 1106 1290 intuitu
1124 1223 1412 1312 consanguinitatis,
1444 1223 1495 1284 vel
1519 1225 1647 1302 propter

66 1316 118 1376 erit
126 1317 200 1378 talis.
214 1319 247 1382 Si
258 1323 364 1384 tamen
378 1317 471 1396 (injus
496 1317 688 1400 promisisset
700 1322 827 1399 propter
875 1336 982 1398 preces
1006 1323 1152 1394 armatas,
1180 1317 1229 1378 vel
1252 1327 1378 1396 propter
1406 1322 1527 1380 metum
1553 1315 1648 1377 etiam

65 1408 155 1470 risam
175 1410 247 1478 Titii
259 1410 293 1477 in
315 1429 347 1472 se
360 1410 610 1474 benevolentiam
630 1415 755 1491 paratus
770 1410 825 1470 do·
876 1411 984 1474 damni
1001 1409 1179 1491 temporalis
1201 1409 1390 1486 incurrendi,
1416 1409 1467 1472 val
1486 1405 1648 1474 amittendi

64 1519 131 1564 nare
144 1501 291 1577 cilicium,
303 1501 375 1564 licet
383 1502 482 1564 Titius
491 1521 555 1569 non
568 1501 676 1562 fuisset
684 1519 827 1582 perman·
876 1504 994 1583 proprii
1012 1503 1118 1579 debiti,
1138 1503 1204 1567 haee
1227 1502 1312 1567 enim
1325 1502 1432 1564 omnia
1451 1519 1516 1564 non
1532 1499 1650 1567 babent

62 1611 147 1658 surus
168 1594 203 1662 in
221 1594 435 1674 promissione,
463 1600 494 1659 at
520 1594 580 1656 hoc
608 1595 712 1675 ipsum
734 1594 828 1656 etiam
877 1596 1030 1658 rationem
1037 1595 1138 1677 pretii,
1151 1597 1241 1660 Suer.
1257 1597 1339 1660 Lesa.
1352 1597 1503 1674 Layman,
1518 1590 1649 1671 Pirbing

61 1685 127 1747 satis
151 1686 325 1766 intelligere
352 1686 501 1768 potuisset
529 1686 638 1762 Titius,
665 1687 827 1768 promissio
876 1705 978 1768 snpra.

61 1775 117 1858 Caii
126 1796 192 1843 uon
205 1777 313 1844 stimet
323 1778 513 1856 simoniaca3
532 1795 642 1841 rernm
659 1777 692 1840 id
706 1795 771 1839 non
784 1778 829 1840 ria
917 1779 978 1858 §¹1.
997 1779 1055 1854 Qui
1080 1784 1216 1860 acceptat
1249 1779 1438 1844 &rafinum
1462 1777 1520 1842 sub
1547 1781 1648 1856 parto,
1674 1787 1716 1849 85

60 1867 143 1932 detur
157 1871 307 1955 praesumi
318 1889 418 1956 posse,
435 1871 509 1952 qnia
518 1889 589 1932 raro
604 1870 771 1950 continget.
878 1870 965 1938 verb.
989 1877 1067 1948 grat.
1090 1871 1221 1936 docendi
1245 1871 1339 1934 etiam
1362 1869 1574 1950 Theologiam‚
1597 1872 1652 1934 aut

13 1949 41 2012 33
93 1961 155 2042 §n
171 1962 205 2026 Si
229 1963 298 2044 quis
318 1963 407 2028 alteri
431 1962 567 2026 conferat
587 1963 777 2027 Beneficium
790 1981 827 2024 eo
880 1964 953 2044 qnia
979 1964 1094 2042 docuit,
1126 1965 1152 2026 si
1177 1963 1216 2029 sit
1251 1969 1403 2044 tanquam
1432 1962 1567 2044 pretium
1595 1979 1650 2042 pro

58 2051 126 2126 tine,
147 2059 184 2114 ut
200 2073 234 2118 sc
248 2055 376 2118 honeste
386 2059 556 2120 sustentare
576 2055 682 2136 possit,
703 2074 769 2118 non
782 2060 829 2117 est
880 2057 997 2136 labora,
1027 2062 1072 2122 est
1098 2057 1301 2134 simoniacus3
1330 2075 1395 2118 non
1419 2063 1465 2120 ast
1487 2059 1603 2132 autem,
1626 2051 1652 2116 si

57 2144 198 2218 simonia,
217 2147 290 2227 quia
303 2148 444 2227 quamvis
457 2148 638 2212 sustentatio
659 2148 699 2210 sit
712 2147 829 2230 aliquid
879 2156 1015 2230 acceptet
1042 2150 1242 2227 Beneficium,
1271 2149 1321 2210 oui
1346 2167 1425 2216 onus
1443 2146 1574 2212 docendi
1596 2163 1653 2226 per

56 2241 239 2318 temporale,
254 2246 440 2307 tamennon
461 2240 648 2320 estaliquid,
662 2241 746 2320 quod
760 2258 830 2302 oon-
879 2243 1093 2307 auctoritatem
1120 2243 1294 2322 Superioris
1322 2247 1368 2304 est
1390 2240 1583 2320 adjunctum,
1609 2237 1653 2303 ita

53 2328 161 2395 ferenti
187 2331 338 2404 reddatur
361 2334 447 2402 velut
474 2333 829 2413 commutationemque
879 2337 1008 2400 Navarr.
1029 2334 1124 2399 Alloz.
1148 2353 1174 2398 o.
1196 2333 1345 2410 Simonis,
1370 2337 1439 2396 sect.
1456 2334 1487 2396 t.
1503 2351 1584 2392 anm.
1600 2331 1649 2395 39.

53 2422 220 2504 spirituali,
258 2427 311 2488 sed
347 2443 387 2486 ax
432 2425 584 2508 spirituali
617 2426 827 2508 consequitur,
880 2435 911 2494 at
935 2434 1103 2508 utrumque
1133 2427 1200 2492 fuse
1234 2426 1347 2507 probat
1370 2426 1476 2505 Rayn.
1501 2443 1569 2504 cop.
1598 2425 1650 2489 lo.

52 2521 224 2596 manetque
251 2517 306 2590 illi,
329 2518 383 2600 qui
407 2518 564 2598 spirituale
575 2519 701 2602 accipit;
717 2518 829 2580 deinde
880 2541 940 2587 aa.
956 2522 1007 2586 ill.
1025 2523 1116 2582 Posse
1130 2526 1236 2584 antem
1256 2518 1386 2599 adjungi
1399 2518 1460 2579 tale
1473 2534 1555 2578 onus
1570 2520 1652 2578 tem·

50 2607 115 2670 haro
142 2611 329 2672 sustentatio
356 2616 401 2672 est
422 2611 493 2674 finis
519 2611 705 2674 intrinsecus
722 2610 830 2672 saltem
880 2614 997 2695 porsls,
1013 2631 1052 2680 ex
1065 2631 1102 2674 eo
1115 2619 1210 2693 patet,
1224 2612 1402 2692 qnod'lrid.
1417 2629 1483 2672 sess.
1501 2611 1530 2672 5.
1542 2627 1606 2691 cop.
1618 2611 1650 2671 6.

49 2702 257 2768 secundarius
270 2703 433 2778 &seboin
444 2702 514 2766 ideo
529 2703 611 2768 anim
625 2703 829 2766 Eoelesiains-
879 2713 907 2768 et
920 2725 986 2768 sets.
1003 2707 1051 2768 23.
1069 2725 1134 2788 cop.
1158 2708 1207 2767 48.
1229 2704 1263 2766 de
1278 2702 1414 2782 Reform.
1426 2703 1538 2783 jubeat
1551 2699 1652 2762 addici

48 2793 132 2860 tituit
153 2795 328 2872 Beneficia,
353 2801 389 2858 nt
416 2795 528 2860 Clerici
549 2797 613 2857 Deo
636 2795 782 2871 serviant,
798 2801 829 2856 et
880 2798 984 2878 aliqua
998 2797 1151 2862 Beneficia
1164 2795 1346 2861 muneribus
1367 2795 1510 2871 docendi,
1530 2792 1654 2856 stratio

48 2883 225 2966 irrugantur
239 2887 352 2966 officio,
366 2888 469 2968 sicque
481 2888 614 2950 fruendo
628 2887 829 2967 proventibus
880 2895 936 2963 est,
952 2891 1026 2970 quia
1038 2891 1099 2950 tale
1113 2889 1303 2953 lieneiioinm
1317 2887 1413 2950 habet
1423 2885 1553 2966 aliquid,
1569 2884 1654 2964 quod

47 2977 196 3044 Beneficii
207 2980 337 3042 honeste
351 2979 492 3056 alantur;
508 2997 583 3058 ergo
597 2997 661 3040 non
677 2983 723 3040 est
740 2978 829 3040 illiri-
876 2983 959 3062 juste
972 2982 1122 3061 assignari
1144 2987 1245 3062 potest
1265 3000 1323 3060 pro
1343 2978 1496 3059 stipendio
1508 2976 1651 3050 Ministri,

47 3074 114 3134 tum
137 3071 240 3138 etiam
260 3071 294 3136 iu
310 3072 394 3136 huna
418 3071 514 3135 linem
533 3071 605 3133 dare
628 3070 827 3132 Beneficium.
880 3093 992 3155 nempe
1004 3074 1121 3136 fricatus
1140 3072 1343 3152 temporales;
1360 3071 1444 3134 unde
1462 3070 1571 3148 siquis
1592 3069 1654 3130 tale

45 3163 70 3222 Ε
84 3171 206 3228 contra
218 3168 264 3224 est
273 3163 416 3242 simonia,
430 3163 456 3223 si
470 3163 626 3226 conferam
640 3162 830 3227 Beneficium
881 3164 1389 3246 anusvelletadjungerejmipure
1398 3161 1562 3242 spirituali,
1574 3181 1605 3222 ιι.
1620 3180 1653 3240 g.

43 3253 102 3318 snb
116 3263 230 3336 paeto,
257 3261 292 3316 ut
305 3255 383 3316 altar
403 3256 481 3316 mihi
504 3274 612 3316 secura
625 3256 829 3335 imposterum
877 3259 942 3338 juri
963 3258 1107 3338 eligendi,
1137 3264 1216 3320 esset
1235 3256 1380 3330 simonia,
1410 3254 1484 3334 quia
1502 3253 1555 3332 jus
1575 3273 1655 3334 pura

42 3347 145 3410 solvet
160 3347 283 3424 debita,
296 3354 333 3412 nt
346 3348 455 3410 docent
472 3348 596 3426 Sumen,
610 3349 693 3409 Less.
716 3348 827 3426 Layrn.
881 3351 1041 3432 spirituale
1056 3351 1264 3430 assignaretur
1275 3367 1332 3431 pro
1348 3347 1450 3427 pretio
1464 3345 1654 3427 operistam·

41 3439 135 3504 Pirh.
155 3439 182 3505 l.
202 3442 233 3504 5.
252 3449 273 3502 t.
292 3442 321 3502 5.
338 3459 420 3504 oum.
438 3443 507 3502 139.
523 3441 737 3520 consentitque
758 3457 831 3502 oum
880 3444 1006 3524 poralis,
1022 3461 1094 3508 cum
1117 3462 1183 3504 non
1194 3442 1289 3523 possit
1306 3441 1422 3502 habere
1434 3439 1589 3503 rationem
1604 3440 1656 3500 sti-

39 3531 110 3595 aliis
124 3531 830 3612 nepotaseer.1.cap.5.aum.e.1dem
880 3536 987 3616 pendii
1022 3535 1221 3598 sustentando
1254 3533 1398 3602 Ministro
1430 3531 1652 3609 convenientis,

39 3630 99 3702 est,
126 3626 157 3688 si
187 3624 349 3694 conteram
375 3625 456 3686 Titio
472 3625 573 3694 Fratri
595 3625 661 3706 Caji
683 3624 830 3686 debitoris
881 3633 1105 3708 consequenter
1132 3629 1259 3690 daretur
1283 3631 1434 3708 tanquam
1467 3624 1655 3704 stipendium

37 3719 104 3780 mei
116 3718 185 3781 snb
202 3722 306 3798 paeto,
323 3723 358 3783 ut
373 3717 463 3800 juvet
477 3717 586 3797 cajum
601 3719 634 3778 in
654 3715 802 3780 solvendo
819 3735 827 3780 :
881 3720 983 3801 operia
996 3720 1185 3800 temporalis.
1197 3721 1243 3780 lta
1256 3721 1335 3798 Ray.
1351 3736 1434 3784 aum.
1450 3719 1502 3786 96.

34 3809 62 3870 si
77 3815 203 3875 tamem
217 3808 338 3873 debitor
350 3809 520 3874 differendo
536 3808 723 3871 solutionem
738 3805 829 3871 infer·
920 3813 948 3890 ᾗ.
965 3813 995 3872 8.
1021 3813 1073 3876 nst
1086 3811 1219 3873 simonia
1239 3811 1322 3874 bona
1341 3829 1398 3872 sua
1411 3810 1484 3874 dare
1511 3807 1655 3872 Ecclesia
1679 3823 1720 3885 86

34 3909 86 3964 ret
105 3902 196 3978 vim,
225 3905 257 3961 et
271 3901 430 3980 injuriam,
453 3907 543 3981 putat
570 3903 682 3964 Suarez
696 3919 762 3984 cap.
778 3901 826 3962 38.
882 3921 953 3968 anm
970 3909 1069 3983 paeto,
1086 3909 1122 3968 nt
1135 3903 1168 3966 in
1184 3901 1378 3968 Canonioum
1405 3921 1435 3967 v,
1463 3921 1494 3981 g.
1511 3901 1653 3981 eligatur,

32 4013 124 4058 num.
144 3997 181 4063 9,
200 3993 286 4072 quod
295 4011 417 4073 possem
431 3994 497 4057 sine
511 3993 643 4056 simonia
657 3993 731 4056 dare
744 3989 833 4071 spiri·
883 3995 927 4058 sio
953 3996 1038 4056 anim
1063 3997 1170 4058 statuit
1195 3994 1381 4058 rannerius
1410 3993 1471 4059 Ill.
1489 4012 1562 4075 carp.
1592 3992 1655 4057 Tuo

31 4087 125 4150 tuale
151 4093 313 4164 tanquam
335 4085 472 4149 medium
494 4085 623 4148 tollendi
647 4091 831 4163 praesentem
883 4107 944 4167 nos,
956 4091 1005 4152 3t.
1020 4085 1055 4148 de
1066 4087 1215 4152 Simonis.
1234 4086 1348 4166 Siquis
1363 4085 1495 4148 Clericus
1508 4105 1574 4150 oum
1588 4105 1655 4150 rors-

32 4177 267 4253 rexationcm,
296 4183 327 4238 et
354 4177 396 4238 sic
410 4176 577 4239 inducendi
598 4177 637 4238 ad
659 4177 832 4240 faciendam
883 4179 1005 4258 ditiore,
1022 4178 1070 4242 nel
1094 4187 1183 4260 porto
1198 4177 1361 4257 lnrqiotur,
1390 4186 1446 4240 ant
1464 4177 1568 4256 offerat
1583 4177 1657 4244 loon

25 4270 220 4351 justitiam,
236 4275 268 4331 et
287 4269 372 4330 idam
390 4269 498 4333 dieunt
521 4271 586 4332 Sot.
609 4269 699 4331 Suar.
722 4271 829 4349 Layrn.
883 4292 947 4348 sno,
964 4279 999 4333 nt
1018 4270 1075 4336 illa
1083 4269 1269 4352 postmodum
1278 4289 1337 4350 pro
1349 4268 1506 4350 prebendo
1521 4269 1654 4349 rstoteat,

29 4365 131 4430 Pirh,
163 4364 267 4424 Geur.
284 4369 370 4442 port.
398 4365 428 4425 3.
453 4368 557 4443 qroest.
577 4362 648 4430 750.
673 4362 699 4422 si
720 4363 760 4424 ad
774 4363 834 4424 evi·
883 4364 956 4425 etin
972 4362 1153 4426 Corwrirnm
1167 4359 1656 4442 admittotor‚lrojnsmodiollotio

25 4459 185 4526 nudum
212 4455 250 4517 (le
266 4455 411 4536 presenti
428 4453 548 4518 malurn
569 4453 649 4515 mihi
663 4453 775 4532 injuste
788 4454 834 4518 in·
884 4455 931 4520 vel
943 4455 1143 4538 rmeptiorieri
1152 4474 1210 4520 aon
1221 4454 1334 4535 poterit
1347 4453 1411 4517 sine
1425 4453 1654 4528 vitiosimom'oe,

25 4555 226 4619 tentatum,
243 4546 331 4608 verb.
346 4551 426 4624 grat.
445 4547 471 4606 si
491 4546 659 4609 intentanti
674 4545 833 4612 conteram
884 4545 997 4606 cumin
1014 4543 1124 4608 talibus
1137 4543 1231 4608 omnt's
1247 4547 1360 4624 portio,
1377 4551 1428 4606 out
1442 4543 1657 4608 convertisset-

23 4641 252 4706 Benefioium
269 4643 305 4700 ut
324 4656 375 4699 me
383 4637 450 4716 jam
464 4639 538 4716 [non
562 4637 689 4714 occidat,
705 4638 755 4700 vel
768 4657 833 4700 non
883 4657 947 4700 aare
958 4635 1324 4720 deleotjustacoaonr'eos
1334 4636 1499 4702 sanctiones
1515 4653 1526 4696 :
1537 4635 1656 4700 Slvere

23 4735 212 4805 diffamet,
238 4749 303 4794 non
326 4735 372 4792 est
394 4730 538 4806 simonia,
566 4730 640 4813 quia
665 4729 834 4794 conferenti
879 4733 1188 4810 porqacsineporto,
1212 4727 1258 4789 vel
1269 4725 1433 4789 conditione
1447 4726 1656 4809 qunlr'lstoffe·

22 4828 120 4896 nihil
132 4827 242 4888 datur
256 4823 357 4904 pretio
367 4821 557 4895 aestimabile,
569 4821 654 4902 qnod
664 4823 833 4903 anteajure
884 4831 932 4882 rat
967 4839 1074 4903 ropans
1107 4819 1277 4898 totaliter,
1311 4828 1337 4880 et
1360 4827 1397 4881 ot
1421 4824 1453 4880 tr
1476 4819 1655 4887 Caranicum

20 4940 90 4986 suo
107 4935 196 4984 non
215 4915 369 4990 habuerit,
391 4920 423 4976 et
435 4915 519 4982 idem
540 4914 613 4980 dicit
625 4915 710 4977 Lesa.
727 4913 751 4974 si
763 4933 831 4976 ma·
884 4913 1073 4992 admittatur,
1084 4918 1112 4974 et
1125 4912 1198 4974 bona
1216 4930 1270 4974 sno
1292 4911 1417 4975 retinere
1429 4909 1488 4974 sili
1502 4911 1588 4974 lr'csot
1599 4931 1655 4993 pro

20 5016 104 5080 lum
127 5013 228 5072 esset
248 5007 424 5087 paulopost
438 5006 645 5082 inferendum,
660 5006 750 5066 sicuti
767 5006 832 5069 lici·
878 5004 1052 5087 praebenda,
1076 5011 1103 5066 et
1131 5003 1243 5068 Clerici
1262 5001 1391 5086 ejusdem
1415 5002 1560 5070 Ecclesia
1578 5023 1655 5085 puro

19 5113 105 5177 turn
147 5105 211 5166 est
236 5099 309 5164 dare
342 5105 489 5164 mutuum
520 5099 665 5180 petendo,
695 5104 730 5164 nt
757 5098 835 5162 alter
882 5097 1050 5176 consentiat,
1065 5095 1235 5178 lqjusmodi
1240 5095 1366 5176 receptio
1375 5093 1442 5176 fieri
1445 5095 1541 5176 potuit
1550 5095 1655 5177 absque

16 5197 192 5264 vicissim
216 5210 279 5256 non
294 5191 328 5254 in
350 5191 503 5268 futurum,
524 5192 578 5260 sad
598 5209 683 5256 nuno
705 5190 738 5253 in
751 5208 832 5270 prae·
883 5189 1024 5272 empulo
1054 5189 1224 5252 simoniace
1249 5187 1415 5270 pravitatis.
1447 5187 1530 5250 Lieet
1556 5194 1655 5252 antem

14 5291 121 5360 senti
148 5301 235 5350 rem
253 5283 346 5352 sliam
367 5283 420 5346 dat
437 5289 592 5360 mutuam,
616 5284 662 5347 uti
681 5281 835 5360 colligitur
885 5282 990 5346 taliter
1013 5280 1157 5347 donimus
1189 5279 1437 5362 respordendum,
1472 5285 1544 5362 quio
1576 5281 1655 5348 aare

15 5406 66 5452 ex
84 5385 129 5460 S,
162 5377 235 5442 Th.
260 5378 290 5441 s.
315 5378 344 5440 9.
360 5396 391 5462 q,
407 5380 455 5446 78.
472 5385 530 5444 ort.
546 5379 577 5437 9.
592 5373 671 5442 adt.
687 5375 835 5460 quianon
884 5373 1089 5440 doomestde
1111 5371 1655 5455 monifestattantumodojucliearr,sr'

13 5475 199 5566 injicitur
215 5467 361 5546 obligatio
374 5487 457 5536 nova
475 5468 619 5536 distincta
639 5466 679 5529 ab
695 5467 835 5536 aotnsol·
885 5471 1026 5544 camenis,
1042 5465 1096 5548 qni
1106 5465 1196 5532 talem
1211 5464 1390 5533 donationem
1411 5465 1496 5547 sarit,
1507 5484 1542 5536 on
1556 5467 1654 5535 taleas
1738 5513 1744 5526 .

13 5569 154 5648 vendi,
176 5559 430 5640 voluptuarii,
453 5579 511 5635 neo
533 5559 704 5641 imponitur
717 5578 835 5628 novum
886 5559 962 5622 tione
983 5557 1121 5635 ducatio,
1141 5565 1173 5621 nt
1197 5575 1255 5640 prr
1282 5556 1459 5640 temporalia
1480 5553 1565 5636 bono,
1587 5577 1655 5640 tute
