<?xml version="1.0" encoding="UTF-8"?>
<!DOCTYPE html PUBLIC "-//W3C//DTD XHTML 1.0 Transitional//EN"
    "http://www.w3.org/TR/xhtml1/DTD/xhtml1-transitional.dtd">
<html xmlns="http://www.w3.org/1999/xhtml" xml:lang="en" lang="en">
 <head>
  <title>
</title>
<meta http-equiv="Content-Type" content="text/html;charset=utf-8" />
  <meta name='ocr-system' content='tesseract 3.04.00' />
  <meta name='ocr-capabilities' content='ocr_page ocr_carea ocr_par ocr_line ocrx_word'/>
</head>
<body>
  <div class='ocr_page' id='page_1' title='image "./theologiamorali00busegoog_0376.png"; bbox 0 0 3964 6348; ppageno 0'>
   <div class='ocr_carea' id='block_1_1' title="bbox 321 365 1249 431">
    <p class='ocr_par' dir='ltr' id='par_1_1' title="bbox 321 365 1249 431">
     <span class='ocr_line' id='line_1_1' title="bbox 321 365 1249 431; baseline -0.005 0"><span class='ocrx_word' id='word_1_1' title='bbox 321 371 380 431; x_wconf 85' lang='grc'>368</span> <span class='ocrx_word' id='word_1_2' title='bbox 971 366 1084 428; x_wconf 80' lang='lat' dir='ltr'>hlBER</span> <span class='ocrx_word' id='word_1_3' title='bbox 1106 365 1249 428; x_wconf 86' lang='lat' dir='ltr'>PRIMUS</span> 
     </span>
    </p>
   </div>
   <div class='ocr_carea' id='block_1_2' title="bbox 320 525 1931 1167">
    <p class='ocr_par' dir='ltr' id='par_1_2' title="bbox 320 525 1931 1167">
     <span class='ocr_line' id='line_1_2' title="bbox 321 525 1878 607; baseline -0.004 -13"><span class='ocrx_word' id='word_1_4' title='bbox 321 533 522 604; x_wconf 83' lang='lat' dir='ltr'>intellectum,</span> <span class='ocrx_word' id='word_1_5' title='bbox 548 531 586 590; x_wconf 90' lang='lat' dir='ltr'>de</span> <span class='ocrx_word' id='word_1_6' title='bbox 605 529 685 590; x_wconf 82' lang='lat' dir='ltr'>verit</span> <span class='ocrx_word' id='word_1_7' title='bbox 702 547 733 607; x_wconf 89' lang='lat' dir='ltr'>q.</span> <span class='ocrx_word' id='word_1_8' title='bbox 757 530 805 588; x_wconf 78' lang='lat' dir='ltr'>tt.</span> <span class='ocrx_word' id='word_1_9' title='bbox 830 533 888 588; x_wconf 92' lang='lat' dir='ltr'>art.</span> <span class='ocrx_word' id='word_1_10' title='bbox 918 531 947 588; x_wconf 88' lang='lat' dir='ltr'>t.</span> <span class='ocrx_word' id='word_1_11' title='bbox 972 531 1008 591; x_wconf 87' lang='lat'>0.</span> <span class='ocrx_word' id='word_1_12' title='bbox 1034 531 1087 605; x_wconf 85' lang='lat' dir='ltr'>ait,</span> <span class='ocrx_word' id='word_1_13' title='bbox 1139 535 1212 603; x_wconf 87' lang='lat' dir='ltr'>tate,</span> <span class='ocrx_word' id='word_1_14' title='bbox 1241 529 1288 590; x_wconf 90' lang='lat' dir='ltr'>uti</span> <span class='ocrx_word' id='word_1_15' title='bbox 1313 529 1457 592; x_wconf 88' lang='lat' dir='ltr'>honestas</span> <span class='ocrx_word' id='word_1_16' title='bbox 1471 527 1667 604; x_wconf 78' lang='lat' dir='ltr'>obedientiae,</span> <span class='ocrx_word' id='word_1_17' title='bbox 1683 526 1733 588; x_wconf 83' lang='lat' dir='ltr'>Ad</span> <span class='ocrx_word' id='word_1_18' title='bbox 1744 525 1878 588; x_wconf 68' lang='lat' dir='ltr'>tamuda</span> 
     </span>
     <span class='ocr_line' id='line_1_3' title="bbox 321 617 1878 704; baseline -0.005 -16"><span class='ocrx_word' id='word_1_19' title='bbox 321 624 542 688; x_wconf 72' lang='lat' dir='ltr'>disterminatur</span> <span class='ocrx_word' id='word_1_20' title='bbox 553 625 651 682; x_wconf 83' lang='lat' dir='ltr'>autem</span> <span class='ocrx_word' id='word_1_21' title='bbox 658 639 713 700; x_wconf 83' lang='lat' dir='ltr'>per</span> <span class='ocrx_word' id='word_1_22' title='bbox 722 619 912 692; x_wconf 80' lang='lat' dir='ltr'>eolurrtotem,</span> <span class='ocrx_word' id='word_1_23' title='bbox 924 639 991 700; x_wconf 78' lang='lat' dir='ltr'>quoe</span> <span class='ocrx_word' id='word_1_24' title='bbox 1004 621 1089 702; x_wconf 81' lang='lat' dir='ltr'>elr&#39;pit</span> <span class='ocrx_word' id='word_1_25' title='bbox 1134 619 1363 704; x_wconf 78' lang='lat' dir='ltr'><em>prosequendam</em></span> <span class='ocrx_word' id='word_1_26' title='bbox 1382 627 1477 702; x_wconf 85' lang='lat' dir='ltr'>potest</span> <span class='ocrx_word' id='word_1_27' title='bbox 1499 620 1661 683; x_wconf 80' lang='lat' dir='ltr'>intellectus</span> <span class='ocrx_word' id='word_1_28' title='bbox 1683 617 1786 680; x_wconf 81' lang='lat' dir='ltr'>relictis</span> <span class='ocrx_word' id='word_1_29' title='bbox 1812 619 1878 680; x_wconf 75' lang='lat' dir='ltr'>uem</span> 
     </span>
     <span class='ocr_line' id='line_1_4' title="bbox 320 711 1879 796; baseline -0.004 -17"><span class='ocrx_word' id='word_1_30' title='bbox 320 717 457 779; x_wconf 78' lang='lat' dir='ltr'><em>assentiri</em></span> <span class='ocrx_word' id='word_1_31' title='bbox 469 713 616 796; x_wconf 79' lang='lat' dir='ltr'>ariperti</span> <span class='ocrx_word' id='word_1_32' title='bbox 628 711 828 790; x_wconf 80' lang='lat' dir='ltr'>determinate,</span> <span class='ocrx_word' id='word_1_33' title='bbox 844 717 872 772; x_wconf 89' lang='lat' dir='ltr'>et</span> <span class='ocrx_word' id='word_1_34' title='bbox 882 713 994 792; x_wconf 82' lang='lat' dir='ltr'>precise</span> <span class='ocrx_word' id='word_1_35' title='bbox 999 731 1091 794; x_wconf 85' lang='lat' dir='ltr'>prop·</span> <span class='ocrx_word' id='word_1_36' title='bbox 1139 713 1301 796; x_wconf 84' lang='lat' dir='ltr'>majoribus</span> <span class='ocrx_word' id='word_1_37' title='bbox 1315 718 1462 774; x_wconf 80' lang='lat' dir='ltr'>rationum</span> <span class='ocrx_word' id='word_1_38' title='bbox 1482 713 1597 774; x_wconf 85' lang='lat' dir='ltr'>motivis</span> <span class='ocrx_word' id='word_1_39' title='bbox 1611 711 1750 794; x_wconf 65' lang='lat' dir='ltr'>subjicere</span> <span class='ocrx_word' id='word_1_40' title='bbox 1762 729 1788 772; x_wconf 87' lang='lat' dir='ltr'>se</span> <span class='ocrx_word' id='word_1_41' title='bbox 1798 711 1879 772; x_wconf 76' lang='lat' dir='ltr'>octu-</span> 
     </span>
     <span class='ocr_line' id='line_1_5' title="bbox 320 803 1931 890; baseline -0.001 -19"><span class='ocrx_word' id='word_1_42' title='bbox 320 819 364 871; x_wconf 86' lang='lat' dir='ltr'>trr</span> <span class='ocrx_word' id='word_1_43' title='bbox 378 807 503 890; x_wconf 83' lang='lat' dir='ltr'>aliquid,</span> <span class='ocrx_word' id='word_1_44' title='bbox 526 803 603 887; x_wconf 83' lang='lat' dir='ltr'>quod</span> <span class='ocrx_word' id='word_1_45' title='bbox 619 813 660 866; x_wconf 86' lang='lat' dir='ltr'>est</span> <span class='ocrx_word' id='word_1_46' title='bbox 677 803 826 885; x_wconf 78' lang='lat' dir='ltr'>sufficiens</span> <span class='ocrx_word' id='word_1_47' title='bbox 853 803 893 866; x_wconf 87' lang='lat' dir='ltr'>od</span> <span class='ocrx_word' id='word_1_48' title='bbox 920 804 1090 866; x_wconf 85' lang='lat' dir='ltr'>mouendum</span> <span class='ocrx_word' id='word_1_49' title='bbox 1139 807 1196 868; x_wconf 89' lang='lat' dir='ltr'>toti</span> <span class='ocrx_word' id='word_1_50' title='bbox 1213 805 1356 868; x_wconf 82' lang='lat' dir='ltr'>aliorum.</span> <span class='ocrx_word' id='word_1_51' title='bbox 1378 807 1441 868; x_wconf 92' lang='lat' dir='ltr'>Nec</span> <span class='ocrx_word' id='word_1_52' title='bbox 1462 805 1564 868; x_wconf 80' lang='lat' dir='ltr'>obstat</span> <span class='ocrx_word' id='word_1_53' title='bbox 1588 803 1761 884; x_wconf 87' lang='lat' dir='ltr'>periculum</span> <span class='ocrx_word' id='word_1_54' title='bbox 1781 804 1879 876; x_wconf 79' lang='lat' dir='ltr'>errods</span> <span class='ocrx_word' id='word_1_55' title='bbox 1896 811 1931 870; x_wconf 83' lang='lat' dir='ltr'>lli</span> 
     </span>
     <span class='ocr_line' id='line_1_6' title="bbox 322 892 1880 975; baseline -0.008 -9"><span class='ocrx_word' id='word_1_56' title='bbox 322 902 505 974; x_wconf 74' lang='lat' dir='ltr'>retardatam,</span> <span class='ocrx_word' id='word_1_57' title='bbox 530 917 589 959; x_wconf 84' lang='lat' dir='ltr'>eoo</span> <span class='ocrx_word' id='word_1_58' title='bbox 603 905 699 958; x_wconf 84' lang='lat' dir='ltr'>autem</span> <span class='ocrx_word' id='word_1_59' title='bbox 714 895 754 957; x_wconf 89' lang='lat' dir='ltr'>ud</span> <span class='ocrx_word' id='word_1_60' title='bbox 765 895 936 958; x_wconf 85' lang='lat' dir='ltr'>mouendum</span> <span class='ocrx_word' id='word_1_61' title='bbox 958 895 1091 958; x_wconf 82' lang='lat' dir='ltr'>intellec·</span> <span class='ocrx_word' id='word_1_62' title='bbox 1139 895 1198 957; x_wconf 93' lang='lat' dir='ltr'>hoc</span> <span class='ocrx_word' id='word_1_63' title='bbox 1211 896 1295 957; x_wconf 66' lang='lat' dir='ltr'>renim</span> <span class='ocrx_word' id='word_1_64' title='bbox 1319 901 1437 974; x_wconf 85' lang='lat' dir='ltr'>manat,</span> <span class='ocrx_word' id='word_1_65' title='bbox 1462 895 1603 975; x_wconf 91' lang='lat' dir='ltr'>quamvis</span> <span class='ocrx_word' id='word_1_66' title='bbox 1623 892 1880 972; x_wconf 84' lang='lat' dir='ltr'>intellectusappli·</span> 
     </span>
     <span class='ocr_line' id='line_1_7' title="bbox 321 985 1882 1070; baseline -0.007 -16"><span class='ocrx_word' id='word_1_67' title='bbox 321 1002 383 1056; x_wconf 86' lang='lat' dir='ltr'>tum</span> <span class='ocrx_word' id='word_1_68' title='bbox 398 1001 451 1054; x_wconf 88' lang='lat' dir='ltr'>etr.</span> <span class='ocrx_word' id='word_1_69' title='bbox 468 991 599 1052; x_wconf 88' lang='lat' dir='ltr'>Videtur</span> <span class='ocrx_word' id='word_1_70' title='bbox 613 991 695 1052; x_wconf 92' lang='lat' dir='ltr'>idem</span> <span class='ocrx_word' id='word_1_71' title='bbox 709 990 821 1050; x_wconf 89' lang='lat' dir='ltr'>sentire</span> <span class='ocrx_word' id='word_1_72' title='bbox 835 989 859 1052; x_wconf 90' lang='lat' dir='ltr'><strong><em>S</em></strong></span> <span class='ocrx_word' id='word_1_73' title='bbox 863 1034 870 1050; x_wconf 90' lang='lat'><strong>.</strong></span> <span class='ocrx_word' id='word_1_74' title='bbox 883 993 960 1070; x_wconf 67' lang='lat' dir='ltr'>uoq.</span> <span class='ocrx_word' id='word_1_75' title='bbox 975 989 1090 1051; x_wconf 88' lang='lat' dir='ltr'>relatus</span> <span class='ocrx_word' id='word_1_76' title='bbox 1139 994 1225 1050; x_wconf 89' lang='lat' dir='ltr'>cetur</span> <span class='ocrx_word' id='word_1_77' title='bbox 1238 989 1276 1050; x_wconf 91' lang='lat' dir='ltr'>ad</span> <span class='ocrx_word' id='word_1_78' title='bbox 1287 988 1517 1050; x_wconf 88' lang='lat' dir='ltr'>assentiendum</span> <span class='ocrx_word' id='word_1_79' title='bbox 1526 985 1746 1067; x_wconf 88' lang='lat' dir='ltr'>probabiliori:</span> <span class='ocrx_word' id='word_1_80' title='bbox 1763 991 1791 1044; x_wconf 94' lang='lat' dir='ltr'>et</span> <span class='ocrx_word' id='word_1_81' title='bbox 1798 1003 1882 1064; x_wconf 85' lang='lat' dir='ltr'>quan-</span> 
     </span>
     <span class='ocr_line' id='line_1_8' title="bbox 322 1077 1883 1167; baseline -0.008 -18"><span class='ocrx_word' id='word_1_82' title='bbox 322 1089 396 1167; x_wconf 88' lang='lat' dir='ltr'>Cap.</span> <span class='ocrx_word' id='word_1_83' title='bbox 421 1105 473 1167; x_wconf 76' lang='lat' dir='ltr'>eqo</span> <span class='ocrx_word' id='word_1_84' title='bbox 491 1083 571 1160; x_wconf 85' lang='lat' dir='ltr'>solis,</span> <span class='ocrx_word' id='word_1_85' title='bbox 592 1083 663 1144; x_wconf 91' lang='lat' dir='ltr'>dist.</span> <span class='ocrx_word' id='word_1_86' title='bbox 679 1085 709 1144; x_wconf 87' lang='grc'>0.</span> <span class='ocrx_word' id='word_1_87' title='bbox 725 1083 780 1144; x_wconf 89' lang='lat' dir='ltr'>ubi</span> <span class='ocrx_word' id='word_1_88' title='bbox 793 1083 833 1142; x_wconf 88' lang='lat' dir='ltr'>ad</span> <span class='ocrx_word' id='word_1_89' title='bbox 846 1081 1088 1158; x_wconf 66' lang='lat' dir='ltr'>assentiefflum,</span> <span class='ocrx_word' id='word_1_90' title='bbox 1139 1081 1185 1142; x_wconf 89' lang='lat' dir='ltr'>vis</span> <span class='ocrx_word' id='word_1_91' title='bbox 1198 1081 1339 1142; x_wconf 86' lang='lat' dir='ltr'>videatur</span> <span class='ocrx_word' id='word_1_92' title='bbox 1353 1099 1417 1142; x_wconf 88' lang='lat' dir='ltr'>esse</span> <span class='ocrx_word' id='word_1_93' title='bbox 1436 1081 1537 1161; x_wconf 87' lang='lat' dir='ltr'>majus</span> <span class='ocrx_word' id='word_1_94' title='bbox 1552 1077 1726 1160; x_wconf 89' lang='lat' dir='ltr'>periculum</span> <span class='ocrx_word' id='word_1_95' title='bbox 1738 1077 1772 1138; x_wconf 95' lang='lat' dir='ltr'>in</span> <span class='ocrx_word' id='word_1_96' title='bbox 1782 1095 1883 1138; x_wconf 85' lang='lat' dir='ltr'>assensu</span> 
     </span>
    </p>
   </div>
   <div class='ocr_carea' id='block_1_3' title="bbox 237 1171 1982 5608">
    <p class='ocr_par' dir='ltr' id='par_1_3' title="bbox 237 1171 1982 5608">
     <span class='ocr_line' id='line_1_9' title="bbox 321 1171 1883 1256; baseline -0.006 -15"><span class='ocrx_word' id='word_1_97' title='bbox 321 1179 404 1241; x_wconf 91' lang='lat' dir='ltr'>aliud</span> <span class='ocrx_word' id='word_1_98' title='bbox 428 1197 493 1240; x_wconf 90' lang='lat' dir='ltr'>non</span> <span class='ocrx_word' id='word_1_99' title='bbox 513 1175 653 1256; x_wconf 80' lang='lat' dir='ltr'>requirit,</span> <span class='ocrx_word' id='word_1_100' title='bbox 677 1194 773 1256; x_wconf 92' lang='lat' dir='ltr'>quam</span> <span class='ocrx_word' id='word_1_101' title='bbox 796 1175 1020 1250; x_wconf 87' lang='lat' dir='ltr'>auctoritatem,</span> <span class='ocrx_word' id='word_1_102' title='bbox 1040 1175 1091 1236; x_wconf 85' lang='lat' dir='ltr'>rel</span> <span class='ocrx_word' id='word_1_103' title='bbox 1139 1173 1244 1234; x_wconf 92' lang='lat' dir='ltr'>minus</span> <span class='ocrx_word' id='word_1_104' title='bbox 1277 1173 1441 1254; x_wconf 76' lang='lat' dir='ltr'>probabili,</span> <span class='ocrx_word' id='word_1_105' title='bbox 1475 1192 1541 1234; x_wconf 91' lang='lat' dir='ltr'>non</span> <span class='ocrx_word' id='word_1_106' title='bbox 1574 1172 1643 1233; x_wconf 93' lang='lat' dir='ltr'>ideo</span> <span class='ocrx_word' id='word_1_107' title='bbox 1678 1175 1797 1232; x_wconf 89' lang='lat' dir='ltr'>tenetur</span> <span class='ocrx_word' id='word_1_108' title='bbox 1823 1171 1883 1232; x_wconf 89' lang='lat' dir='ltr'>illud</span> 
     </span>
     <span class='ocr_line' id='line_1_10' title="bbox 320 1263 1884 1350; baseline -0.006 -18"><span class='ocrx_word' id='word_1_109' title='bbox 320 1272 473 1334; x_wconf 86' lang='lat' dir='ltr'>rationem</span> <span class='ocrx_word' id='word_1_110' title='bbox 491 1268 695 1350; x_wconf 86' lang='lat' dir='ltr'>probabilem.</span> <span class='ocrx_word' id='word_1_111' title='bbox 720 1267 869 1329; x_wconf 81' lang='lat' dir='ltr'>Probatur</span> <span class='ocrx_word' id='word_1_112' title='bbox 889 1269 919 1328; x_wconf 86' lang='lat'>2.</span> <span class='ocrx_word' id='word_1_113' title='bbox 940 1284 1013 1327; x_wconf 90' lang='lat' dir='ltr'>nam</span> <span class='ocrx_word' id='word_1_114' title='bbox 1028 1267 1091 1327; x_wconf 70' lang='lat' dir='ltr'>hm</span> <span class='ocrx_word' id='word_1_115' title='bbox 1140 1266 1248 1344; x_wconf 88' lang='lat' dir='ltr'>vitare,</span> <span class='ocrx_word' id='word_1_116' title='bbox 1269 1272 1300 1327; x_wconf 92' lang='lat' dir='ltr'>et</span> <span class='ocrx_word' id='word_1_117' title='bbox 1320 1266 1464 1346; x_wconf 79' lang='lat' dir='ltr'>amplecti</span> <span class='ocrx_word' id='word_1_118' title='bbox 1482 1263 1684 1346; x_wconf 81' lang='lat' dir='ltr'>probabilius,</span> <span class='ocrx_word' id='word_1_119' title='bbox 1703 1269 1769 1324; x_wconf 86' lang='lat' dir='ltr'>tam</span> <span class='ocrx_word' id='word_1_120' title='bbox 1785 1281 1884 1342; x_wconf 75' lang='lat' dir='ltr'>parum</span> 
     </span>
     <span class='ocr_line' id='line_1_11' title="bbox 320 1355 1886 1440; baseline -0.006 -14"><span class='ocrx_word' id='word_1_121' title='bbox 320 1365 405 1426; x_wconf 90' lang='lat' dir='ltr'>retici</span> <span class='ocrx_word' id='word_1_122' title='bbox 418 1363 573 1438; x_wconf 76' lang='lat' dir='ltr'>formales,</span> <span class='ocrx_word' id='word_1_123' title='bbox 589 1360 641 1440; x_wconf 92' lang='lat' dir='ltr'>qui</span> <span class='ocrx_word' id='word_1_124' title='bbox 656 1379 738 1440; x_wconf 75' lang='lat' dir='ltr'>saepe</span> <span class='ocrx_word' id='word_1_125' title='bbox 750 1367 819 1421; x_wconf 90' lang='lat' dir='ltr'>actu</span> <span class='ocrx_word' id='word_1_126' title='bbox 834 1363 1007 1435; x_wconf 82' lang='lat' dir='ltr'>agnoscunt</span> <span class='ocrx_word' id='word_1_127' title='bbox 1020 1376 1090 1420; x_wconf 91' lang='lat' dir='ltr'>ma·</span> <span class='ocrx_word' id='word_1_128' title='bbox 1140 1376 1235 1438; x_wconf 87' lang='lat' dir='ltr'>quam</span> <span class='ocrx_word' id='word_1_129' title='bbox 1244 1359 1387 1420; x_wconf 87' lang='lat' dir='ltr'>voluntas</span> <span class='ocrx_word' id='word_1_130' title='bbox 1401 1377 1523 1439; x_wconf 87' lang='lat' dir='ltr'>semper</span> <span class='ocrx_word' id='word_1_131' title='bbox 1536 1362 1679 1419; x_wconf 89' lang='lat' dir='ltr'>teneatur</span> <span class='ocrx_word' id='word_1_132' title='bbox 1692 1355 1886 1435; x_wconf 80' lang='lat' dir='ltr'>lugereminus</span> 
     </span>
     <span class='ocr_line' id='line_1_12' title="bbox 316 1449 1887 1536; baseline -0.006 -17"><span class='ocrx_word' id='word_1_133' title='bbox 316 1457 385 1536; x_wconf 88' lang='lat' dir='ltr'>jora</span> <span class='ocrx_word' id='word_1_134' title='bbox 407 1457 523 1518; x_wconf 91' lang='lat' dir='ltr'>motiva</span> <span class='ocrx_word' id='word_1_135' title='bbox 543 1473 599 1534; x_wconf 93' lang='lat' dir='ltr'>pro</span> <span class='ocrx_word' id='word_1_136' title='bbox 622 1453 682 1514; x_wconf 88' lang='lat' dir='ltr'>tide</span> <span class='ocrx_word' id='word_1_137' title='bbox 703 1457 819 1530; x_wconf 88' lang='lat' dir='ltr'>nostra,</span> <span class='ocrx_word' id='word_1_138' title='bbox 834 1451 1037 1513; x_wconf 91' lang='lat' dir='ltr'>nihilominus</span> <span class='ocrx_word' id='word_1_139' title='bbox 1051 1469 1090 1512; x_wconf 83' lang='lat' dir='ltr'>ex</span> <span class='ocrx_word' id='word_1_140' title='bbox 1139 1450 1270 1528; x_wconf 91' lang='lat' dir='ltr'>honum,</span> <span class='ocrx_word' id='word_1_141' title='bbox 1286 1457 1317 1513; x_wconf 88' lang='lat' dir='ltr'>et</span> <span class='ocrx_word' id='word_1_142' title='bbox 1328 1451 1473 1532; x_wconf 89' lang='lat' dir='ltr'>amplecti</span> <span class='ocrx_word' id='word_1_143' title='bbox 1481 1451 1602 1530; x_wconf 87' lang='lat' dir='ltr'>majus;</span> <span class='ocrx_word' id='word_1_144' title='bbox 1617 1455 1648 1511; x_wconf 89' lang='lat' dir='ltr'>et</span> <span class='ocrx_word' id='word_1_145' title='bbox 1661 1449 1741 1510; x_wconf 86' lang='lat' dir='ltr'>ratio</span> <span class='ocrx_word' id='word_1_146' title='bbox 1751 1449 1887 1527; x_wconf 81' lang='lat' dir='ltr'>utrimque</span> 
     </span>
     <span class='ocr_line' id='line_1_13' title="bbox 319 1541 1887 1630; baseline -0.005 -20"><span class='ocrx_word' id='word_1_147' title='bbox 319 1569 415 1630; x_wconf 91' lang='lat' dir='ltr'>prava</span> <span class='ocrx_word' id='word_1_148' title='bbox 435 1549 592 1609; x_wconf 78' lang='lat' dir='ltr'>voluntate</span> <span class='ocrx_word' id='word_1_149' title='bbox 619 1545 815 1626; x_wconf 68' lang='lat' dir='ltr'>pertinaciter</span> <span class='ocrx_word' id='word_1_150' title='bbox 841 1545 1002 1606; x_wconf 87' lang='lat' dir='ltr'>adhaerent</span> <span class='ocrx_word' id='word_1_151' title='bbox 1028 1544 1090 1604; x_wconf 87' lang='lat' dir='ltr'>suis</span> <span class='ocrx_word' id='word_1_152' title='bbox 1140 1550 1198 1622; x_wconf 87' lang='lat' dir='ltr'>cst,</span> <span class='ocrx_word' id='word_1_153' title='bbox 1214 1545 1287 1628; x_wconf 88' lang='lat' dir='ltr'>quia</span> <span class='ocrx_word' id='word_1_154' title='bbox 1309 1551 1355 1607; x_wconf 87' lang='lat' dir='ltr'>est</span> <span class='ocrx_word' id='word_1_155' title='bbox 1374 1545 1511 1626; x_wconf 87' lang='lat' dir='ltr'>prudens</span> <span class='ocrx_word' id='word_1_156' title='bbox 1533 1544 1690 1604; x_wconf 78' lang='lat' dir='ltr'>motivum</span> <span class='ocrx_word' id='word_1_157' title='bbox 1706 1541 1887 1622; x_wconf 84' lang='lat' dir='ltr'>amplectandi</span> 
     </span>
     <span class='ocr_line' id='line_1_14' title="bbox 321 1633 1888 1718; baseline -0.007 -14"><span class='ocrx_word' id='word_1_158' title='bbox 321 1641 489 1704; x_wconf 90' lang='lat' dir='ltr'>erroribus.</span> <span class='ocrx_word' id='word_1_159' title='bbox 516 1641 592 1700; x_wconf 90' lang='lat' dir='ltr'>ltem</span> <span class='ocrx_word' id='word_1_160' title='bbox 606 1643 722 1699; x_wconf 89' lang='lat' dir='ltr'>temere</span> <span class='ocrx_word' id='word_1_161' title='bbox 733 1637 917 1716; x_wconf 86' lang='lat' dir='ltr'>judicantes,</span> <span class='ocrx_word' id='word_1_162' title='bbox 933 1653 1013 1716; x_wconf 83' lang='lat' dir='ltr'>saepe</span> <span class='ocrx_word' id='word_1_163' title='bbox 1026 1635 1088 1695; x_wconf 88' lang='lat' dir='ltr'>sal-</span> <span class='ocrx_word' id='word_1_164' title='bbox 1140 1637 1235 1699; x_wconf 90' lang='lat' dir='ltr'>etiam</span> <span class='ocrx_word' id='word_1_165' title='bbox 1255 1637 1344 1715; x_wconf 92' lang='lat' dir='ltr'>illud,</span> <span class='ocrx_word' id='word_1_166' title='bbox 1367 1638 1450 1718; x_wconf 89' lang='lat' dir='ltr'>quod</span> <span class='ocrx_word' id='word_1_167' title='bbox 1474 1643 1520 1698; x_wconf 88' lang='lat' dir='ltr'>est</span> <span class='ocrx_word' id='word_1_168' title='bbox 1539 1637 1654 1698; x_wconf 90' lang='lat' dir='ltr'>minus.</span> <span class='ocrx_word' id='word_1_169' title='bbox 1679 1634 1770 1714; x_wconf 72' lang='lat' dir='ltr'>Cous.</span> <span class='ocrx_word' id='word_1_170' title='bbox 1784 1633 1888 1694; x_wconf 82' lang='lat' dir='ltr'>Narnia</span> 
     </span>
     <span class='ocr_line' id='line_1_15' title="bbox 320 1725 1887 1813; baseline -0.006 -16"><span class='ocrx_word' id='word_1_171' title='bbox 320 1739 384 1797; x_wconf 88' lang='lat' dir='ltr'>tem</span> <span class='ocrx_word' id='word_1_172' title='bbox 397 1733 594 1813; x_wconf 85' lang='lat' dir='ltr'>abripiuntur</span> <span class='ocrx_word' id='word_1_173' title='bbox 612 1731 651 1792; x_wconf 91' lang='lat' dir='ltr'>ad</span> <span class='ocrx_word' id='word_1_174' title='bbox 664 1729 791 1811; x_wconf 85' lang='lat' dir='ltr'>judicia,</span> <span class='ocrx_word' id='word_1_175' title='bbox 813 1729 931 1791; x_wconf 88' lang='lat' dir='ltr'>etiamsi</span> <span class='ocrx_word' id='word_1_176' title='bbox 945 1736 1020 1792; x_wconf 89' lang='lat' dir='ltr'>tunc</span> <span class='ocrx_word' id='word_1_177' title='bbox 1033 1750 1089 1810; x_wconf 94' lang='lat' dir='ltr'>pro</span> <span class='ocrx_word' id='word_1_178' title='bbox 1140 1730 1249 1808; x_wconf 89' lang='lat' dir='ltr'>primis</span> <span class='ocrx_word' id='word_1_179' title='bbox 1262 1730 1414 1810; x_wconf 74' lang='lat' dir='ltr'>judicium</span> <span class='ocrx_word' id='word_1_180' title='bbox 1435 1729 1626 1811; x_wconf 83' lang='lat' dir='ltr'>probabilius</span> <span class='ocrx_word' id='word_1_181' title='bbox 1639 1733 1741 1809; x_wconf 88' lang='lat' dir='ltr'>potest</span> <span class='ocrx_word' id='word_1_182' title='bbox 1754 1725 1887 1806; x_wconf 84' lang='lat' dir='ltr'>suspendi,</span> 
     </span>
     <span class='ocr_line' id='line_1_16' title="bbox 320 1817 1890 1908; baseline -0.006 -19"><span class='ocrx_word' id='word_1_183' title='bbox 320 1833 407 1908; x_wconf 85' lang='lat' dir='ltr'>parte</span> <span class='ocrx_word' id='word_1_184' title='bbox 432 1826 572 1906; x_wconf 88' lang='lat' dir='ltr'>opposita</span> <span class='ocrx_word' id='word_1_185' title='bbox 592 1828 729 1904; x_wconf 84' lang='lat' dir='ltr'>exparte</span> <span class='ocrx_word' id='word_1_186' title='bbox 742 1823 915 1884; x_wconf 88' lang='lat' dir='ltr'>intellectus</span> <span class='ocrx_word' id='word_1_187' title='bbox 929 1823 1090 1885; x_wconf 87' lang='lat' dir='ltr'>advertant</span> <span class='ocrx_word' id='word_1_188' title='bbox 1141 1823 1187 1883; x_wconf 92' lang='lat' dir='ltr'>uti</span> <span class='ocrx_word' id='word_1_189' title='bbox 1214 1841 1322 1884; x_wconf 91' lang='lat' dir='ltr'>omnes</span> <span class='ocrx_word' id='word_1_190' title='bbox 1347 1822 1493 1899; x_wconf 88' lang='lat' dir='ltr'>latentur,</span> <span class='ocrx_word' id='word_1_191' title='bbox 1523 1839 1596 1902; x_wconf 85' lang='lat' dir='ltr'>ergo</span> <span class='ocrx_word' id='word_1_192' title='bbox 1619 1827 1696 1882; x_wconf 89' lang='lat' dir='ltr'>tunc</span> <span class='ocrx_word' id='word_1_193' title='bbox 1720 1819 1827 1881; x_wconf 89' lang='lat' dir='ltr'>melius</span> <span class='ocrx_word' id='word_1_194' title='bbox 1845 1817 1890 1880; x_wconf 89' lang='lat' dir='ltr'>erit</span> 
     </span>
     <span class='ocr_line' id='line_1_17' title="bbox 320 1910 1888 1996; baseline -0.006 -15"><span class='ocrx_word' id='word_1_195' title='bbox 320 1921 454 1982; x_wconf 89' lang='lat' dir='ltr'>rationes</span> <span class='ocrx_word' id='word_1_196' title='bbox 475 1917 629 1991; x_wconf 90' lang='lat' dir='ltr'>meliores,</span> <span class='ocrx_word' id='word_1_197' title='bbox 652 1916 687 1976; x_wconf 90' lang='lat' dir='ltr'>iu</span> <span class='ocrx_word' id='word_1_198' title='bbox 716 1914 775 1976; x_wconf 90' lang='lat' dir='ltr'>illis</span> <span class='ocrx_word' id='word_1_199' title='bbox 795 1916 879 1976; x_wconf 86' lang='lat' dir='ltr'>enim</span> <span class='ocrx_word' id='word_1_200' title='bbox 895 1921 955 1976; x_wconf 84' lang='lat' dir='ltr'>stat</span> <span class='ocrx_word' id='word_1_201' title='bbox 972 1935 1029 1996; x_wconf 91' lang='lat' dir='ltr'>pro</span> <span class='ocrx_word' id='word_1_202' title='bbox 1043 1934 1090 1976; x_wconf 92' lang='lat' dir='ltr'>ra·</span> <span class='ocrx_word' id='word_1_203' title='bbox 1141 1913 1308 1976; x_wconf 86' lang='lat' dir='ltr'>intellectui</span> <span class='ocrx_word' id='word_1_204' title='bbox 1347 1915 1461 1978; x_wconf 88' lang='lat' dir='ltr'>habere</span> <span class='ocrx_word' id='word_1_205' title='bbox 1494 1931 1655 1976; x_wconf 88' lang='lat' dir='ltr'>assensum</span> <span class='ocrx_word' id='word_1_206' title='bbox 1695 1910 1888 1993; x_wconf 87' lang='lat' dir='ltr'>probabilem,</span> 
     </span>
     <span class='ocr_line' id='line_1_18' title="bbox 320 2005 1890 2088; baseline -0.007 -13"><span class='ocrx_word' id='word_1_207' title='bbox 320 2013 404 2075; x_wconf 91' lang='lat' dir='ltr'>tione</span> <span class='ocrx_word' id='word_1_208' title='bbox 418 2012 581 2074; x_wconf 89' lang='lat' dir='ltr'>voluntas:</span> <span class='ocrx_word' id='word_1_209' title='bbox 606 2029 622 2071; x_wconf 90' lang='lat' dir='ltr'>e</span> <span class='ocrx_word' id='word_1_210' title='bbox 644 2008 904 2071; x_wconf 82' lang='lat' dir='ltr'>contrahomines</span> <span class='ocrx_word' id='word_1_211' title='bbox 918 2009 1018 2088; x_wconf 88' lang='lat' dir='ltr'>probi,</span> <span class='ocrx_word' id='word_1_212' title='bbox 1035 2009 1090 2088; x_wconf 92' lang='lat' dir='ltr'>qui</span> <span class='ocrx_word' id='word_1_213' title='bbox 1141 2025 1236 2086; x_wconf 89' lang='lat' dir='ltr'>quam</span> <span class='ocrx_word' id='word_1_214' title='bbox 1256 2007 1397 2070; x_wconf 85' lang='lat' dir='ltr'>nullum:</span> <span class='ocrx_word' id='word_1_215' title='bbox 1423 2007 1534 2069; x_wconf 91' lang='lat' dir='ltr'>deinde</span> <span class='ocrx_word' id='word_1_216' title='bbox 1557 2007 1651 2068; x_wconf 87' lang='lat' dir='ltr'>etiam</span> <span class='ocrx_word' id='word_1_217' title='bbox 1669 2005 1820 2068; x_wconf 79' lang='lat' dir='ltr'>motivum</span> <span class='ocrx_word' id='word_1_218' title='bbox 1833 2021 1890 2084; x_wconf 88' lang='lat' dir='ltr'>pro·</span> 
     </span>
     <span class='ocr_line' id='line_1_19' title="bbox 320 2095 1890 2185; baseline -0.007 -17"><span class='ocrx_word' id='word_1_219' title='bbox 320 2105 417 2168; x_wconf 88' lang='lat' dir='ltr'>malas</span> <span class='ocrx_word' id='word_1_220' title='bbox 442 2103 630 2185; x_wconf 79' lang='lat' dir='ltr'>suspiciones</span> <span class='ocrx_word' id='word_1_221' title='bbox 654 2101 794 2180; x_wconf 83' lang='lat' dir='ltr'>tugiunt,</span> <span class='ocrx_word' id='word_1_222' title='bbox 824 2101 944 2163; x_wconf 89' lang='lat' dir='ltr'>etiamsi</span> <span class='ocrx_word' id='word_1_223' title='bbox 971 2101 1091 2179; x_wconf 88' lang='lat' dir='ltr'>majora</span> <span class='ocrx_word' id='word_1_224' title='bbox 1140 2097 1272 2162; x_wconf 87' lang='lat' dir='ltr'>habilius</span> <span class='ocrx_word' id='word_1_225' title='bbox 1292 2106 1393 2181; x_wconf 88' lang='lat' dir='ltr'>potest</span> <span class='ocrx_word' id='word_1_226' title='bbox 1412 2117 1477 2162; x_wconf 88' lang='lat' dir='ltr'>uon</span> <span class='ocrx_word' id='word_1_227' title='bbox 1496 2099 1540 2160; x_wconf 84' lang='lat' dir='ltr'>ita</span> <span class='ocrx_word' id='word_1_228' title='bbox 1559 2098 1688 2176; x_wconf 87' lang='lat' dir='ltr'>attendi,</span> <span class='ocrx_word' id='word_1_229' title='bbox 1703 2095 1890 2178; x_wconf 82' lang='lat' dir='ltr'>siequemoti·</span> 
     </span>
     <span class='ocr_line' id='line_1_20' title="bbox 321 2190 1890 2275; baseline -0.006 -15"><span class='ocrx_word' id='word_1_230' title='bbox 321 2198 437 2260; x_wconf 77' lang='lat' dir='ltr'>motiva</span> <span class='ocrx_word' id='word_1_231' title='bbox 458 2195 594 2258; x_wconf 89' lang='lat' dir='ltr'>habeant</span> <span class='ocrx_word' id='word_1_232' title='bbox 618 2213 675 2275; x_wconf 94' lang='lat' dir='ltr'>pro</span> <span class='ocrx_word' id='word_1_233' title='bbox 702 2193 866 2256; x_wconf 89' lang='lat' dir='ltr'>asserenda</span> <span class='ocrx_word' id='word_1_234' title='bbox 892 2192 1090 2274; x_wconf 86' lang='lat' dir='ltr'>improbitate</span> <span class='ocrx_word' id='word_1_235' title='bbox 1141 2209 1215 2253; x_wconf 82' lang='lat' dir='ltr'>vum</span> <span class='ocrx_word' id='word_1_236' title='bbox 1230 2193 1388 2274; x_wconf 88' lang='lat' dir='ltr'>probabile</span> <span class='ocrx_word' id='word_1_237' title='bbox 1407 2191 1533 2254; x_wconf 88' lang='lat' dir='ltr'>habebit</span> <span class='ocrx_word' id='word_1_238' title='bbox 1550 2209 1593 2268; x_wconf 91' lang='lat' dir='ltr'>se,</span> <span class='ocrx_word' id='word_1_239' title='bbox 1615 2211 1652 2254; x_wconf 87' lang='lat' dir='ltr'>ae</span> <span class='ocrx_word' id='word_1_240' title='bbox 1664 2191 1692 2252; x_wconf 89' lang='lat' dir='ltr'>si</span> <span class='ocrx_word' id='word_1_241' title='bbox 1705 2190 1890 2266; x_wconf 67' lang='lat' dir='ltr'>essetsolum,</span> 
     </span>
     <span class='ocr_line' id='line_1_21' title="bbox 320 2283 1891 2371; baseline -0.005 -19"><span class='ocrx_word' id='word_1_242' title='bbox 320 2289 466 2371; x_wconf 84' lang='lat' dir='ltr'>proximi,</span> <span class='ocrx_word' id='word_1_243' title='bbox 501 2294 639 2350; x_wconf 87' lang='lat' dir='ltr'>attamen</span> <span class='ocrx_word' id='word_1_244' title='bbox 664 2305 719 2366; x_wconf 92' lang='lat' dir='ltr'>per</span> <span class='ocrx_word' id='word_1_245' title='bbox 746 2286 937 2348; x_wconf 82' lang='lat' dir='ltr'>voluntatem</span> <span class='ocrx_word' id='word_1_246' title='bbox 957 2285 1090 2346; x_wconf 89' lang='lat' dir='ltr'>attinent</span> <span class='ocrx_word' id='word_1_247' title='bbox 1140 2283 1166 2344; x_wconf 92' lang='lat' dir='ltr'>si</span> <span class='ocrx_word' id='word_1_248' title='bbox 1186 2290 1292 2348; x_wconf 88' lang='lat' dir='ltr'>autem</span> <span class='ocrx_word' id='word_1_249' title='bbox 1314 2286 1353 2346; x_wconf 87' lang='lat' dir='ltr'>sit</span> <span class='ocrx_word' id='word_1_250' title='bbox 1374 2286 1487 2363; x_wconf 87' lang='lat' dir='ltr'>solum,</span> <span class='ocrx_word' id='word_1_251' title='bbox 1516 2290 1617 2364; x_wconf 85' lang='lat' dir='ltr'>potest</span> <span class='ocrx_word' id='word_1_252' title='bbox 1639 2285 1783 2346; x_wconf 88' lang='lat' dir='ltr'>obtinere</span> <span class='ocrx_word' id='word_1_253' title='bbox 1802 2301 1891 2344; x_wconf 82' lang='lat' dir='ltr'>assen-</span> 
     </span>
     <span class='ocr_line' id='line_1_22' title="bbox 320 2377 1328 2459; baseline -0.006 -14"><span class='ocrx_word' id='word_1_254' title='bbox 320 2383 521 2449; x_wconf 88' lang='lat' dir='ltr'>intellectum,</span> <span class='ocrx_word' id='word_1_255' title='bbox 547 2386 583 2441; x_wconf 92' lang='lat' dir='ltr'>ut</span> <span class='ocrx_word' id='word_1_256' title='bbox 602 2379 751 2459; x_wconf 87' lang='lat' dir='ltr'>quamdiu</span> <span class='ocrx_word' id='word_1_257' title='bbox 769 2385 852 2440; x_wconf 72' lang='lat' dir='ltr'>terto</span> <span class='ocrx_word' id='word_1_258' title='bbox 864 2397 929 2440; x_wconf 88' lang='lat' dir='ltr'>uon</span> <span class='ocrx_word' id='word_1_259' title='bbox 940 2377 1090 2458; x_wconf 89' lang='lat' dir='ltr'>probatur</span> <span class='ocrx_word' id='word_1_260' title='bbox 1140 2393 1227 2453; x_wconf 91' lang='lat' dir='ltr'>sum;</span> <span class='ocrx_word' id='word_1_261' title='bbox 1243 2396 1328 2457; x_wconf 88' lang='lat' dir='ltr'>ergo.</span> 
     </span>
     <span class='ocr_line' id='line_1_23' title="bbox 321 2469 1893 2555; baseline -0.006 -17"><span class='ocrx_word' id='word_1_262' title='bbox 321 2495 385 2538; x_wconf 91' lang='lat' dir='ltr'>esse</span> <span class='ocrx_word' id='word_1_263' title='bbox 399 2473 570 2555; x_wconf 92' lang='lat' dir='ltr'>improbus,</span> <span class='ocrx_word' id='word_1_264' title='bbox 587 2471 727 2552; x_wconf 85' lang='lat' dir='ltr'>judicent</span> <span class='ocrx_word' id='word_1_265' title='bbox 744 2488 809 2532; x_wconf 89' lang='lat' dir='ltr'>esse</span> <span class='ocrx_word' id='word_1_266' title='bbox 823 2470 968 2551; x_wconf 92' lang='lat' dir='ltr'>probum,</span> <span class='ocrx_word' id='word_1_267' title='bbox 986 2469 1089 2550; x_wconf 87' lang='lat' dir='ltr'>sicque</span> <span class='ocrx_word' id='word_1_268' title='bbox 1179 2469 1372 2552; x_wconf 80' lang='lat' dir='ltr'>Respondent,</span> <span class='ocrx_word' id='word_1_269' title='bbox 1394 2470 1504 2533; x_wconf 84' lang='lat' dir='ltr'>Melius</span> <span class='ocrx_word' id='word_1_270' title='bbox 1515 2489 1580 2534; x_wconf 89' lang='lat' dir='ltr'>esse</span> <span class='ocrx_word' id='word_1_271' title='bbox 1591 2469 1749 2550; x_wconf 88' lang='lat' dir='ltr'>ignorare,</span> <span class='ocrx_word' id='word_1_272' title='bbox 1765 2475 1893 2530; x_wconf 76' lang='lat' dir='ltr'>attense</span> 
     </span>
     <span class='ocr_line' id='line_1_24' title="bbox 321 2562 1892 2648; baseline -0.001 -19"><span class='ocrx_word' id='word_1_273' title='bbox 321 2569 565 2648; x_wconf 89' lang='lat' dir='ltr'>interpretantur</span> <span class='ocrx_word' id='word_1_274' title='bbox 580 2564 686 2626; x_wconf 87' lang='lat' dir='ltr'>omnia</span> <span class='ocrx_word' id='word_1_275' title='bbox 709 2564 741 2624; x_wconf 88' lang='lat' dir='ltr'>in</span> <span class='ocrx_word' id='word_1_276' title='bbox 765 2564 880 2625; x_wconf 89' lang='lat' dir='ltr'>bonam</span> <span class='ocrx_word' id='word_1_277' title='bbox 899 2568 1030 2642; x_wconf 84' lang='lat' dir='ltr'>partem,</span> <span class='ocrx_word' id='word_1_278' title='bbox 1044 2563 1091 2622; x_wconf 91' lang='lat' dir='ltr'>in-</span> <span class='ocrx_word' id='word_1_279' title='bbox 1140 2569 1271 2641; x_wconf 87' lang='lat' dir='ltr'>quanter</span> <span class='ocrx_word' id='word_1_280' title='bbox 1295 2563 1418 2624; x_wconf 88' lang='lat' dir='ltr'>nullum</span> <span class='ocrx_word' id='word_1_281' title='bbox 1445 2565 1574 2625; x_wconf 89' lang='lat' dir='ltr'>omnino</span> <span class='ocrx_word' id='word_1_282' title='bbox 1599 2562 1710 2623; x_wconf 87' lang='lat' dir='ltr'>elicere</span> <span class='ocrx_word' id='word_1_283' title='bbox 1734 2577 1892 2628; x_wconf 64' lang='grc' dir='ltr'>εεεθεειιεε.</span> 
     </span>
     <span class='ocr_line' id='line_1_25' title="bbox 321 2653 1894 2740; baseline -0.005 -19"><span class='ocrx_word' id='word_1_284' title='bbox 321 2660 388 2740; x_wconf 90' lang='lat' dir='ltr'>quit</span> <span class='ocrx_word' id='word_1_285' title='bbox 403 2661 435 2720; x_wconf 85' lang='lat' dir='ltr'>S.</span> <span class='ocrx_word' id='word_1_286' title='bbox 451 2658 510 2719; x_wconf 87' lang='lat' dir='ltr'>Th.</span> <span class='ocrx_word' id='word_1_287' title='bbox 526 2661 557 2718; x_wconf 82' lang='lat'>2.</span> <span class='ocrx_word' id='word_1_288' title='bbox 574 2659 604 2718; x_wconf 87' lang='lat'>2.</span> <span class='ocrx_word' id='word_1_289' title='bbox 620 2676 650 2737; x_wconf 86' lang='lat' dir='ltr'>q.</span> <span class='ocrx_word' id='word_1_290' title='bbox 666 2659 715 2718; x_wconf 90' lang='grc'>60.</span> <span class='ocrx_word' id='word_1_291' title='bbox 732 2677 750 2716; x_wconf 92' lang='lat' dir='ltr'>o</span> <span class='ocrx_word' id='word_1_292' title='bbox 771 2657 801 2716; x_wconf 81' lang='lat' dir='ltr'>t.</span> <span class='ocrx_word' id='word_1_293' title='bbox 817 2661 848 2716; x_wconf 89' lang='lat' dir='ltr'>et</span> <span class='ocrx_word' id='word_1_294' title='bbox 862 2654 1003 2734; x_wconf 88' lang='lat' dir='ltr'>pluribus</span> <span class='ocrx_word' id='word_1_295' title='bbox 1017 2673 1089 2735; x_wconf 91' lang='lat' dir='ltr'>pro·</span> <span class='ocrx_word' id='word_1_296' title='bbox 1140 2673 1234 2734; x_wconf 89' lang='lat' dir='ltr'>quam</span> <span class='ocrx_word' id='word_1_297' title='bbox 1262 2673 1376 2730; x_wconf 92' lang='lat' dir='ltr'>errare,</span> <span class='ocrx_word' id='word_1_298' title='bbox 1405 2674 1480 2716; x_wconf 90' lang='lat' dir='ltr'>nam</span> <span class='ocrx_word' id='word_1_299' title='bbox 1508 2655 1546 2718; x_wconf 89' lang='lat' dir='ltr'>S.</span> <span class='ocrx_word' id='word_1_300' title='bbox 1571 2655 1698 2735; x_wconf 70' lang='lat' dir='ltr'>Asperat.</span> <span class='ocrx_word' id='word_1_301' title='bbox 1718 2655 1765 2714; x_wconf 92' lang='lat' dir='ltr'>uti</span> <span class='ocrx_word' id='word_1_302' title='bbox 1779 2653 1894 2714; x_wconf 83' lang='lat' dir='ltr'>retertm</span> 
     </span>
     <span class='ocr_line' id='line_1_26' title="bbox 321 2743 1895 2832; baseline -0.006 -18"><span class='ocrx_word' id='word_1_303' title='bbox 321 2752 461 2832; x_wconf 90' lang='lat' dir='ltr'>sequitur</span> <span class='ocrx_word' id='word_1_304' title='bbox 474 2750 580 2812; x_wconf 90' lang='lat' dir='ltr'>Terill.</span> <span class='ocrx_word' id='word_1_305' title='bbox 598 2749 629 2809; x_wconf 85' lang='lat' dir='ltr'>io</span> <span class='ocrx_word' id='word_1_306' title='bbox 645 2748 716 2828; x_wconf 78' lang='lat' dir='ltr'>lteq.</span> <span class='ocrx_word' id='word_1_307' title='bbox 738 2767 768 2828; x_wconf 81' lang='lat' dir='ltr'>q.</span> <span class='ocrx_word' id='word_1_308' title='bbox 791 2749 841 2808; x_wconf 77' lang='grc'>60.</span> <span class='ocrx_word' id='word_1_309' title='bbox 864 2767 883 2809; x_wconf 89' lang='grc' dir='ltr'><em>α</em></span> <span class='ocrx_word' id='word_1_310' title='bbox 906 2767 936 2808; x_wconf 86' lang='lat' dir='ltr'>e.</span> <span class='ocrx_word' id='word_1_311' title='bbox 952 2749 1000 2808; x_wconf 91' lang='grc'>36.</span> <span class='ocrx_word' id='word_1_312' title='bbox 1017 2765 1090 2826; x_wconf 88' lang='lat' dir='ltr'>ergo</span> <span class='ocrx_word' id='word_1_313' title='bbox 1140 2746 1212 2808; x_wconf 90' lang='lat' dir='ltr'>dist.</span> <span class='ocrx_word' id='word_1_314' title='bbox 1228 2749 1278 2809; x_wconf 87' lang='lat'>38.</span> <span class='ocrx_word' id='word_1_315' title='bbox 1291 2750 1366 2828; x_wconf 90' lang='lat' dir='ltr'>Cap.</span> <span class='ocrx_word' id='word_1_316' title='bbox 1384 2747 1536 2824; x_wconf 84' lang='lat' dir='ltr'>Quamuis,</span> <span class='ocrx_word' id='word_1_317' title='bbox 1560 2747 1614 2824; x_wconf 90' lang='lat' dir='ltr'>ait,</span> <span class='ocrx_word' id='word_1_318' title='bbox 1640 2745 1671 2806; x_wconf 84' lang='lat' dir='ltr'>io</span> <span class='ocrx_word' id='word_1_319' title='bbox 1686 2764 1746 2806; x_wconf 84' lang='lat' dir='ltr'>uno</span> <span class='ocrx_word' id='word_1_320' title='bbox 1758 2743 1895 2824; x_wconf 75' lang='lat' dir='ltr'>cadentque</span> 
     </span>
     <span class='ocr_line' id='line_1_27' title="bbox 321 2839 1982 2923; baseline -0.007 -17"><span class='ocrx_word' id='word_1_321' title='bbox 321 2844 412 2906; x_wconf 82' lang='lat' dir='ltr'>Retio</span> <span class='ocrx_word' id='word_1_322' title='bbox 434 2863 454 2905; x_wconf 91' lang='lat' dir='ltr'>a</span> <span class='ocrx_word' id='word_1_323' title='bbox 475 2843 571 2923; x_wconf 83' lang='lat' dir='ltr'>priori</span> <span class='ocrx_word' id='word_1_324' title='bbox 588 2847 644 2914; x_wconf 91' lang='lat' dir='ltr'>est,</span> <span class='ocrx_word' id='word_1_325' title='bbox 666 2841 739 2920; x_wconf 86' lang='lat' dir='ltr'>quia</span> <span class='ocrx_word' id='word_1_326' title='bbox 753 2839 874 2917; x_wconf 80' lang='lat' dir='ltr'>veritae,</span> <span class='ocrx_word' id='word_1_327' title='bbox 891 2859 961 2918; x_wconf 89' lang='lat' dir='ltr'>quae</span> <span class='ocrx_word' id='word_1_328' title='bbox 976 2845 1021 2900; x_wconf 91' lang='lat' dir='ltr'>cst</span> <span class='ocrx_word' id='word_1_329' title='bbox 1035 2839 1089 2899; x_wconf 92' lang='lat' dir='ltr'>ob·</span> <span class='ocrx_word' id='word_1_330' title='bbox 1141 2848 1217 2912; x_wconf 67' lang='lat' dir='ltr'>raet</span> <span class='ocrx_word' id='word_1_331' title='bbox 1231 2839 1368 2902; x_wconf 80' lang='lat' dir='ltr'>nescienti</span> <span class='ocrx_word' id='word_1_332' title='bbox 1375 2840 1475 2917; x_wconf 80' lang='lat' dir='ltr'>srt&#39;eus,</span> <span class='ocrx_word' id='word_1_333' title='bbox 1490 2839 1643 2902; x_wconf 68' lang='lat' dir='ltr'>eteruisti</span> <span class='ocrx_word' id='word_1_334' title='bbox 1653 2842 1894 2898; x_wconf 77' lang='lat' dir='ltr'>nonerroosrertu</span> <span class='ocrx_word' id='word_1_335' title='bbox 1981 2893 1982 2908; x_wconf 63' lang='lat'>,</span> 
     </span>
     <span class='ocr_line' id='line_1_28' title="bbox 318 2930 1896 3016; baseline -0.006 -18"><span class='ocrx_word' id='word_1_336' title='bbox 318 2937 435 3016; x_wconf 86' lang='lat' dir='ltr'>jectum</span> <span class='ocrx_word' id='word_1_337' title='bbox 458 2935 639 3010; x_wconf 87' lang='lat' dir='ltr'>intellectus,</span> <span class='ocrx_word' id='word_1_338' title='bbox 662 2952 726 2994; x_wconf 89' lang='lat' dir='ltr'>uon</span> <span class='ocrx_word' id='word_1_339' title='bbox 740 2937 863 2993; x_wconf 88' lang='lat' dir='ltr'>tautum</span> <span class='ocrx_word' id='word_1_340' title='bbox 876 2950 932 3011; x_wconf 88' lang='lat' dir='ltr'>per</span> <span class='ocrx_word' id='word_1_341' title='bbox 946 2931 1089 3011; x_wconf 92' lang='lat' dir='ltr'>probabi·</span> <span class='ocrx_word' id='word_1_342' title='bbox 1140 2931 1254 2993; x_wconf 82' lang='lat' dir='ltr'>ratiorte</span> <span class='ocrx_word' id='word_1_343' title='bbox 1279 2931 1477 3013; x_wconf 72' lang='lat' dir='ltr'>prosperatur.</span> <span class='ocrx_word' id='word_1_344' title='bbox 1504 2931 1597 2992; x_wconf 86' lang='lat' dir='ltr'>Ratio</span> <span class='ocrx_word' id='word_1_345' title='bbox 1615 2937 1673 3005; x_wconf 88' lang='lat' dir='ltr'>est,</span> <span class='ocrx_word' id='word_1_346' title='bbox 1698 2931 1774 3010; x_wconf 86' lang='lat' dir='ltr'>quia</span> <span class='ocrx_word' id='word_1_347' title='bbox 1792 2930 1896 2990; x_wconf 89' lang='lat' dir='ltr'>honum</span> 
     </span>
     <span class='ocr_line' id='line_1_29' title="bbox 321 3021 1893 3107; baseline -0.004 -18"><span class='ocrx_word' id='word_1_348' title='bbox 321 3028 392 3107; x_wconf 90' lang='lat' dir='ltr'>lius,</span> <span class='ocrx_word' id='word_1_349' title='bbox 415 3027 469 3088; x_wconf 90' lang='lat' dir='ltr'>sed</span> <span class='ocrx_word' id='word_1_350' title='bbox 491 3027 585 3088; x_wconf 88' lang='lat' dir='ltr'>etiam</span> <span class='ocrx_word' id='word_1_351' title='bbox 606 3044 662 3106; x_wconf 91' lang='lat' dir='ltr'>per</span> <span class='ocrx_word' id='word_1_352' title='bbox 684 3026 787 3086; x_wconf 91' lang='lat' dir='ltr'>minus</span> <span class='ocrx_word' id='word_1_353' title='bbox 807 3023 965 3106; x_wconf 87' lang='lat' dir='ltr'>probabile</span> <span class='ocrx_word' id='word_1_354' title='bbox 979 3023 1090 3104; x_wconf 78' lang='lat' dir='ltr'>attingi</span> <span class='ocrx_word' id='word_1_355' title='bbox 1140 3021 1233 3085; x_wconf 86' lang='lat' dir='ltr'>finale</span> <span class='ocrx_word' id='word_1_356' title='bbox 1254 3025 1429 3086; x_wconf 89' lang='lat' dir='ltr'>intellectus</span> <span class='ocrx_word' id='word_1_357' title='bbox 1452 3030 1500 3087; x_wconf 91' lang='lat' dir='ltr'>est</span> <span class='ocrx_word' id='word_1_358' title='bbox 1525 3024 1655 3099; x_wconf 85' lang='lat' dir='ltr'>veritas,</span> <span class='ocrx_word' id='word_1_359' title='bbox 1682 3023 1770 3103; x_wconf 88' lang='lat' dir='ltr'>atqui</span> <span class='ocrx_word' id='word_1_360' title='bbox 1792 3039 1893 3094; x_wconf 85' lang='lat' dir='ltr'>errans,</span> 
     </span>
     <span class='ocr_line' id='line_1_30' title="bbox 322 3114 1894 3203; baseline -0.005 -21"><span class='ocrx_word' id='word_1_361' title='bbox 322 3126 432 3203; x_wconf 90' lang='lat' dir='ltr'>potest,</span> <span class='ocrx_word' id='word_1_362' title='bbox 448 3120 530 3181; x_wconf 91' lang='lat' dir='ltr'>etad</span> <span class='ocrx_word' id='word_1_363' title='bbox 545 3119 638 3180; x_wconf 87' lang='lat' dir='ltr'>talem</span> <span class='ocrx_word' id='word_1_364' title='bbox 652 3135 811 3179; x_wconf 86' lang='lat' dir='ltr'>assensum</span> <span class='ocrx_word' id='word_1_365' title='bbox 829 3116 1010 3178; x_wconf 88' lang='lat' dir='ltr'>naturaliter</span> <span class='ocrx_word' id='word_1_366' title='bbox 1028 3121 1089 3178; x_wconf 89' lang='lat' dir='ltr'>tra·</span> <span class='ocrx_word' id='word_1_367' title='bbox 1140 3116 1233 3178; x_wconf 89' lang='lat' dir='ltr'>ctiam</span> <span class='ocrx_word' id='word_1_368' title='bbox 1244 3116 1487 3198; x_wconf 86' lang='lat' dir='ltr'>probabilitater,</span> <span class='ocrx_word' id='word_1_369' title='bbox 1502 3117 1602 3198; x_wconf 83' lang='lat' dir='ltr'>magis</span> <span class='ocrx_word' id='word_1_370' title='bbox 1616 3117 1775 3178; x_wconf 86' lang='lat' dir='ltr'>averitate</span> <span class='ocrx_word' id='word_1_371' title='bbox 1784 3114 1894 3190; x_wconf 81' lang='lat' dir='ltr'>recedit,</span> 
     </span>
     <span class='ocr_line' id='line_1_31' title="bbox 321 3209 1896 3290; baseline -0.003 -16"><span class='ocrx_word' id='word_1_372' title='bbox 321 3214 406 3275; x_wconf 87' lang='lat' dir='ltr'>bitur</span> <span class='ocrx_word' id='word_1_373' title='bbox 414 3212 588 3273; x_wconf 87' lang='lat' dir='ltr'>intellectus</span> <span class='ocrx_word' id='word_1_374' title='bbox 598 3215 703 3272; x_wconf 86' lang='lat' dir='ltr'>noster</span> <span class='ocrx_word' id='word_1_375' title='bbox 714 3211 807 3271; x_wconf 89' lang='lat' dir='ltr'>etiam</span> <span class='ocrx_word' id='word_1_376' title='bbox 816 3209 954 3270; x_wconf 90' lang='lat' dir='ltr'>insensu</span> <span class='ocrx_word' id='word_1_377' title='bbox 968 3227 1091 3288; x_wconf 91' lang='lat' dir='ltr'>compo-</span> <span class='ocrx_word' id='word_1_378' title='bbox 1140 3227 1235 3288; x_wconf 89' lang='lat' dir='ltr'>quam</span> <span class='ocrx_word' id='word_1_379' title='bbox 1248 3228 1375 3290; x_wconf 90' lang='lat' dir='ltr'>prorsus</span> <span class='ocrx_word' id='word_1_380' title='bbox 1389 3210 1547 3287; x_wconf 84' lang='lat' dir='ltr'>ignoraus,</span> <span class='ocrx_word' id='word_1_381' title='bbox 1569 3227 1645 3270; x_wconf 89' lang='lat' dir='ltr'>nam</span> <span class='ocrx_word' id='word_1_382' title='bbox 1657 3215 1770 3271; x_wconf 86' lang='lat' dir='ltr'>neuter</span> <span class='ocrx_word' id='word_1_383' title='bbox 1785 3209 1896 3289; x_wconf 88' lang='lat' dir='ltr'>quidem</span> 
     </span>
     <span class='ocr_line' id='line_1_32' title="bbox 321 3301 1897 3384; baseline -0.003 -18"><span class='ocrx_word' id='word_1_384' title='bbox 321 3305 380 3366; x_wconf 90' lang='lat' dir='ltr'>sito</span> <span class='ocrx_word' id='word_1_385' title='bbox 405 3304 514 3366; x_wconf 89' lang='lat' dir='ltr'>motivi</span> <span class='ocrx_word' id='word_1_386' title='bbox 543 3302 767 3384; x_wconf 86' lang='lat' dir='ltr'>probabilioris,</span> <span class='ocrx_word' id='word_1_387' title='bbox 797 3303 844 3364; x_wconf 91' lang='lat' dir='ltr'>uti</span> <span class='ocrx_word' id='word_1_388' title='bbox 867 3308 985 3364; x_wconf 89' lang='lat' dir='ltr'>constat</span> <span class='ocrx_word' id='word_1_389' title='bbox 997 3321 1088 3382; x_wconf 85' lang='lat' dir='ltr'>expe·</span> <span class='ocrx_word' id='word_1_390' title='bbox 1140 3301 1235 3363; x_wconf 89' lang='lat' dir='ltr'>habet</span> <span class='ocrx_word' id='word_1_391' title='bbox 1246 3303 1417 3376; x_wconf 83' lang='lat' dir='ltr'>veritatem,</span> <span class='ocrx_word' id='word_1_392' title='bbox 1432 3322 1468 3364; x_wconf 91' lang='lat' dir='ltr'>ac</span> <span class='ocrx_word' id='word_1_393' title='bbox 1481 3303 1564 3364; x_wconf 90' lang='lat' dir='ltr'>solus</span> <span class='ocrx_word' id='word_1_394' title='bbox 1578 3320 1687 3364; x_wconf 88' lang='lat' dir='ltr'>errans</span> <span class='ocrx_word' id='word_1_395' title='bbox 1699 3301 1897 3382; x_wconf 78' lang='lat' dir='ltr'>hahetpraete</span> 
     </span>
     <span class='ocr_line' id='line_1_33' title="bbox 322 3394 1896 3477; baseline -0.003 -18"><span class='ocrx_word' id='word_1_396' title='bbox 322 3399 443 3475; x_wconf 88' lang='lat' dir='ltr'>ricutia,</span> <span class='ocrx_word' id='word_1_397' title='bbox 459 3397 635 3458; x_wconf 83' lang='lat' dir='ltr'>nemetiam</span> <span class='ocrx_word' id='word_1_398' title='bbox 642 3397 775 3458; x_wconf 89' lang='lat' dir='ltr'>trabitur</span> <span class='ocrx_word' id='word_1_399' title='bbox 787 3415 843 3477; x_wconf 93' lang='lat' dir='ltr'>per</span> <span class='ocrx_word' id='word_1_400' title='bbox 855 3395 970 3457; x_wconf 81' lang='lat' dir='ltr'>motiva</span> <span class='ocrx_word' id='word_1_401' title='bbox 984 3402 1091 3456; x_wconf 89' lang='lat' dir='ltr'>eontra</span> <span class='ocrx_word' id='word_1_402' title='bbox 1139 3411 1194 3455; x_wconf 91' lang='lat' dir='ltr'>rea</span> <span class='ocrx_word' id='word_1_403' title='bbox 1206 3395 1371 3458; x_wconf 84' lang='lat' dir='ltr'>falsitatem</span> <span class='ocrx_word' id='word_1_404' title='bbox 1385 3396 1498 3456; x_wconf 88' lang='lat' dir='ltr'>directe</span> <span class='ocrx_word' id='word_1_405' title='bbox 1513 3395 1686 3475; x_wconf 85' lang='lat' dir='ltr'>oppositam</span> <span class='ocrx_word' id='word_1_406' title='bbox 1696 3394 1896 3470; x_wconf 66' lang='lat' dir='ltr'>ventalibim</span> 
     </span>
     <span class='ocr_line' id='line_1_34' title="bbox 321 3486 1897 3570; baseline -0.002 -19"><span class='ocrx_word' id='word_1_407' title='bbox 321 3491 427 3566; x_wconf 90' lang='lat' dir='ltr'>fidem,</span> <span class='ocrx_word' id='word_1_408' title='bbox 443 3495 474 3551; x_wconf 91' lang='lat' dir='ltr'>et</span> <span class='ocrx_word' id='word_1_409' title='bbox 486 3490 578 3570; x_wconf 90' lang='lat' dir='ltr'>plane</span> <span class='ocrx_word' id='word_1_410' title='bbox 592 3489 766 3564; x_wconf 88' lang='lat' dir='ltr'>temeraria,</span> <span class='ocrx_word' id='word_1_411' title='bbox 783 3507 857 3568; x_wconf 89' lang='lat' dir='ltr'>ergo</span> <span class='ocrx_word' id='word_1_412' title='bbox 869 3489 938 3548; x_wconf 87' lang='lat' dir='ltr'>talis</span> <span class='ocrx_word' id='word_1_413' title='bbox 950 3507 1091 3550; x_wconf 87' lang='lat' dir='ltr'>assensus</span> <span class='ocrx_word' id='word_1_414' title='bbox 1140 3506 1249 3550; x_wconf 88' lang='lat' dir='ltr'>omnes</span> <span class='ocrx_word' id='word_1_415' title='bbox 1267 3489 1403 3551; x_wconf 86' lang='lat' dir='ltr'>fatentur</span> <span class='ocrx_word' id='word_1_416' title='bbox 1422 3488 1631 3567; x_wconf 87' lang='lat' dir='ltr'>ignorantiam</span> <span class='ocrx_word' id='word_1_417' title='bbox 1651 3486 1831 3566; x_wconf 78' lang='lat' dir='ltr'>privationis</span> <span class='ocrx_word' id='word_1_418' title='bbox 1843 3505 1897 3548; x_wconf 85' lang='lat' dir='ltr'>esse</span> 
     </span>
     <span class='ocr_line' id='line_1_35' title="bbox 322 3578 1897 3661; baseline -0.003 -17"><span class='ocrx_word' id='word_1_419' title='bbox 322 3583 413 3645; x_wconf 90' lang='lat' dir='ltr'>debet</span> <span class='ocrx_word' id='word_1_420' title='bbox 446 3601 511 3644; x_wconf 89' lang='lat' dir='ltr'>esse</span> <span class='ocrx_word' id='word_1_421' title='bbox 544 3581 696 3661; x_wconf 87' lang='lat' dir='ltr'>possibilis</span> <span class='ocrx_word' id='word_1_422' title='bbox 730 3581 917 3657; x_wconf 88' lang='lat' dir='ltr'>intellectui,</span> <span class='ocrx_word' id='word_1_423' title='bbox 953 3581 1090 3661; x_wconf 88' lang='lat' dir='ltr'>alioquin</span> <span class='ocrx_word' id='word_1_424' title='bbox 1140 3582 1244 3644; x_wconf 91' lang='lat' dir='ltr'>minus</span> <span class='ocrx_word' id='word_1_425' title='bbox 1257 3582 1376 3644; x_wconf 88' lang='lat' dir='ltr'>malum</span> <span class='ocrx_word' id='word_1_426' title='bbox 1389 3580 1572 3654; x_wconf 91' lang='lat' dir='ltr'>intellectus,</span> <span class='ocrx_word' id='word_1_427' title='bbox 1587 3597 1684 3659; x_wconf 92' lang='lat' dir='ltr'>quam</span> <span class='ocrx_word' id='word_1_428' title='bbox 1701 3578 1897 3654; x_wconf 78' lang='lat' dir='ltr'>ignorantiam</span> 
     </span>
     <span class='ocr_line' id='line_1_36' title="bbox 321 3672 1898 3755; baseline -0.003 -18"><span class='ocrx_word' id='word_1_429' title='bbox 321 3674 634 3737; x_wconf 86' lang='lat' dir='ltr'>inclinationaturalis</span> <span class='ocrx_word' id='word_1_430' title='bbox 644 3679 722 3734; x_wconf 90' lang='lat' dir='ltr'>esset</span> <span class='ocrx_word' id='word_1_431' title='bbox 731 3673 911 3752; x_wconf 85' lang='lat' dir='ltr'>frustra,vel</span> <span class='ocrx_word' id='word_1_432' title='bbox 922 3674 961 3734; x_wconf 91' lang='lat' dir='ltr'>ad</span> <span class='ocrx_word' id='word_1_433' title='bbox 972 3673 1090 3754; x_wconf 88' lang='lat' dir='ltr'>aliquid</span> <span class='ocrx_word' id='word_1_434' title='bbox 1140 3675 1229 3736; x_wconf 79' lang='lat' dir='ltr'>malae</span> <span class='ocrx_word' id='word_1_435' title='bbox 1249 3673 1466 3755; x_wconf 87' lang='lat' dir='ltr'>dispositionis,</span> <span class='ocrx_word' id='word_1_436' title='bbox 1495 3673 1585 3734; x_wconf 90' lang='lat' dir='ltr'>sicuti</span> <span class='ocrx_word' id='word_1_437' title='bbox 1608 3672 1643 3732; x_wconf 91' lang='lat' dir='ltr'>in</span> <span class='ocrx_word' id='word_1_438' title='bbox 1670 3672 1830 3734; x_wconf 78' lang='lat' dir='ltr'>uoluntate</span> <span class='ocrx_word' id='word_1_439' title='bbox 1843 3672 1898 3734; x_wconf 89' lang='lat' dir='ltr'>sola</span> 
     </span>
     <span class='ocr_line' id='line_1_37' title="bbox 321 3764 1898 3848; baseline -0.002 -20"><span class='ocrx_word' id='word_1_440' title='bbox 321 3767 503 3830; x_wconf 87' lang='lat' dir='ltr'>naturaliter</span> <span class='ocrx_word' id='word_1_441' title='bbox 514 3766 714 3847; x_wconf 89' lang='lat' dir='ltr'>impossihile,</span> <span class='ocrx_word' id='word_1_442' title='bbox 732 3784 806 3846; x_wconf 83' lang='lat' dir='ltr'>ergo</span> <span class='ocrx_word' id='word_1_443' title='bbox 818 3766 933 3847; x_wconf 91' lang='lat' dir='ltr'>poterit</span> <span class='ocrx_word' id='word_1_444' title='bbox 947 3767 1090 3828; x_wconf 87' lang='lat' dir='ltr'>voluntas</span> <span class='ocrx_word' id='word_1_445' title='bbox 1138 3767 1270 3848; x_wconf 88' lang='lat' dir='ltr'>privatio</span> <span class='ocrx_word' id='word_1_446' title='bbox 1292 3768 1415 3828; x_wconf 84' lang='lat' dir='ltr'>virtutis</span> <span class='ocrx_word' id='word_1_447' title='bbox 1437 3771 1484 3828; x_wconf 89' lang='lat' dir='ltr'>est</span> <span class='ocrx_word' id='word_1_448' title='bbox 1517 3766 1622 3826; x_wconf 91' lang='lat' dir='ltr'>miuus</span> <span class='ocrx_word' id='word_1_449' title='bbox 1654 3764 1785 3838; x_wconf 84' lang='lat' dir='ltr'>malum,</span> <span class='ocrx_word' id='word_1_450' title='bbox 1814 3783 1898 3845; x_wconf 89' lang='lat' dir='ltr'>quam</span> 
     </span>
     <span class='ocr_line' id='line_1_38' title="bbox 321 3857 1899 3942; baseline -0.002 -20"><span class='ocrx_word' id='word_1_451' title='bbox 321 3859 484 3942; x_wconf 88' lang='lat' dir='ltr'>imperare,</span> <span class='ocrx_word' id='word_1_452' title='bbox 514 3864 549 3919; x_wconf 92' lang='lat' dir='ltr'>ut</span> <span class='ocrx_word' id='word_1_453' title='bbox 575 3858 747 3919; x_wconf 89' lang='lat' dir='ltr'>intellectus</span> <span class='ocrx_word' id='word_1_454' title='bbox 769 3858 808 3919; x_wconf 88' lang='lat' dir='ltr'>ad</span> <span class='ocrx_word' id='word_1_455' title='bbox 828 3859 990 3919; x_wconf 86' lang='lat' dir='ltr'>veritatem</span> <span class='ocrx_word' id='word_1_456' title='bbox 1004 3858 1089 3920; x_wconf 84' lang='lat' dir='ltr'>ibam</span> <span class='ocrx_word' id='word_1_457' title='bbox 1140 3860 1309 3938; x_wconf 87' lang='lat' dir='ltr'>positivum</span> <span class='ocrx_word' id='word_1_458' title='bbox 1330 3860 1462 3934; x_wconf 90' lang='lat' dir='ltr'>vitium;</span> <span class='ocrx_word' id='word_1_459' title='bbox 1490 3860 1569 3920; x_wconf 89' lang='lat' dir='ltr'>Item</span> <span class='ocrx_word' id='word_1_460' title='bbox 1592 3857 1626 3917; x_wconf 92' lang='lat' dir='ltr'>in</span> <span class='ocrx_word' id='word_1_461' title='bbox 1650 3871 1726 3933; x_wconf 86' lang='lat' dir='ltr'>agro</span> <span class='ocrx_word' id='word_1_462' title='bbox 1746 3863 1792 3919; x_wconf 89' lang='lat' dir='ltr'>est</span> <span class='ocrx_word' id='word_1_463' title='bbox 1805 3857 1899 3919; x_wconf 87' lang='lat' dir='ltr'>minus</span> 
     </span>
     <span class='ocr_line' id='line_1_39' title="bbox 237 3949 1899 4037; baseline -0.002 -22"><span class='ocrx_word' id='word_1_464' title='bbox 237 3976 295 4037; x_wconf 63' lang='lat'>416</span> <span class='ocrx_word' id='word_1_465' title='bbox 320 3954 427 4015; x_wconf 69' lang='lat' dir='ltr'>medat</span> <span class='ocrx_word' id='word_1_466' title='bbox 446 3971 502 4033; x_wconf 92' lang='lat' dir='ltr'>per</span> <span class='ocrx_word' id='word_1_467' title='bbox 525 3957 627 4013; x_wconf 88' lang='lat' dir='ltr'>actum</span> <span class='ocrx_word' id='word_1_468' title='bbox 641 3951 745 4012; x_wconf 91' lang='lat' dir='ltr'>minus</span> <span class='ocrx_word' id='word_1_469' title='bbox 757 3950 968 4031; x_wconf 90' lang='lat' dir='ltr'>probabilem:</span> <span class='ocrx_word' id='word_1_470' title='bbox 983 3952 1089 4031; x_wconf 90' lang='lat' dir='ltr'>Neque</span> <span class='ocrx_word' id='word_1_471' title='bbox 1139 3953 1257 4014; x_wconf 90' lang='lat' dir='ltr'>malum</span> <span class='ocrx_word' id='word_1_472' title='bbox 1283 3953 1384 4014; x_wconf 89' lang='lat' dir='ltr'>nullas</span> <span class='ocrx_word' id='word_1_473' title='bbox 1410 3952 1525 4013; x_wconf 89' lang='lat' dir='ltr'>babere</span> <span class='ocrx_word' id='word_1_474' title='bbox 1541 3949 1664 4026; x_wconf 88' lang='lat' dir='ltr'>herbas,</span> <span class='ocrx_word' id='word_1_475' title='bbox 1686 3967 1782 4028; x_wconf 91' lang='lat' dir='ltr'>quam</span> <span class='ocrx_word' id='word_1_476' title='bbox 1794 3950 1899 4012; x_wconf 86' lang='lat' dir='ltr'>hahere</span> 
     </span>
     <span class='ocr_line' id='line_1_40' title="bbox 320 4042 1900 4127; baseline -0.001 -20"><span class='ocrx_word' id='word_1_477' title='bbox 320 4065 442 4126; x_wconf 90' lang='lat' dir='ltr'>semper</span> <span class='ocrx_word' id='word_1_478' title='bbox 463 4045 643 4126; x_wconf 85' lang='lat' dir='ltr'>imprudens</span> <span class='ocrx_word' id='word_1_479' title='bbox 666 4044 724 4104; x_wconf 93' lang='lat' dir='ltr'>erit</span> <span class='ocrx_word' id='word_1_480' title='bbox 742 4043 892 4122; x_wconf 85' lang='lat' dir='ltr'>ejusmodi</span> <span class='ocrx_word' id='word_1_481' title='bbox 909 4043 1086 4123; x_wconf 91' lang='lat' dir='ltr'>imperium,</span> <span class='ocrx_word' id='word_1_482' title='bbox 1139 4045 1254 4122; x_wconf 85' lang='lat' dir='ltr'>malas;</span> <span class='ocrx_word' id='word_1_483' title='bbox 1270 4065 1363 4127; x_wconf 86' lang='lat' dir='ltr'>ergo:</span> <span class='ocrx_word' id='word_1_484' title='bbox 1388 4045 1431 4106; x_wconf 84' lang='lat' dir='ltr'>ita</span> <span class='ocrx_word' id='word_1_485' title='bbox 1454 4044 1528 4105; x_wconf 87' lang='lat' dir='ltr'>Eliz.</span> <span class='ocrx_word' id='word_1_486' title='bbox 1552 4043 1575 4104; x_wconf 86' lang='lat' dir='ltr'>l.</span> <span class='ocrx_word' id='word_1_487' title='bbox 1591 4045 1621 4104; x_wconf 91' lang='grc'>6.</span> <span class='ocrx_word' id='word_1_488' title='bbox 1635 4062 1664 4123; x_wconf 87' lang='lat' dir='ltr'>q.</span> <span class='ocrx_word' id='word_1_489' title='bbox 1681 4045 1711 4104; x_wconf 88' lang='lat'>8.</span> <span class='ocrx_word' id='word_1_490' title='bbox 1729 4047 1778 4104; x_wconf 82' lang='lat' dir='ltr'>to.</span> <span class='ocrx_word' id='word_1_491' title='bbox 1798 4042 1900 4106; x_wconf 82' lang='lat' dir='ltr'>Contra</span> 
     </span>
     <span class='ocr_line' id='line_1_41' title="bbox 319 4135 1899 4218; baseline -0.003 -18"><span class='ocrx_word' id='word_1_492' title='bbox 319 4139 440 4200; x_wconf 91' lang='lat' dir='ltr'>namin</span> <span class='ocrx_word' id='word_1_493' title='bbox 455 4137 562 4218; x_wconf 85' lang='lat' dir='ltr'>primis</span> <span class='ocrx_word' id='word_1_494' title='bbox 576 4157 614 4199; x_wconf 87' lang='lat' dir='ltr'>ex</span> <span class='ocrx_word' id='word_1_495' title='bbox 633 4143 719 4217; x_wconf 91' lang='lat' dir='ltr'>parte</span> <span class='ocrx_word' id='word_1_496' title='bbox 736 4136 908 4198; x_wconf 88' lang='lat' dir='ltr'>intellectus</span> <span class='ocrx_word' id='word_1_497' title='bbox 921 4137 1007 4198; x_wconf 91' lang='lat' dir='ltr'>adest</span> <span class='ocrx_word' id='word_1_498' title='bbox 1020 4155 1088 4198; x_wconf 93' lang='lat' dir='ltr'>mo·</span> <span class='ocrx_word' id='word_1_499' title='bbox 1139 4143 1184 4198; x_wconf 91' lang='lat' dir='ltr'>est</span> <span class='ocrx_word' id='word_1_500' title='bbox 1198 4142 1224 4200; x_wconf 88' lang='lat' dir='ltr'>l.</span> <span class='ocrx_word' id='word_1_501' title='bbox 1243 4156 1317 4201; x_wconf 87' lang='lat' dir='ltr'>nam</span> <span class='ocrx_word' id='word_1_502' title='bbox 1335 4139 1361 4198; x_wconf 92' lang='lat' dir='ltr'>si</span> <span class='ocrx_word' id='word_1_503' title='bbox 1373 4138 1434 4199; x_wconf 89' lang='lat' dir='ltr'>hoc</span> <span class='ocrx_word' id='word_1_504' title='bbox 1444 4136 1538 4209; x_wconf 89' lang='lat' dir='ltr'>valet,</span> <span class='ocrx_word' id='word_1_505' title='bbox 1554 4154 1628 4215; x_wconf 86' lang='lat' dir='ltr'>ergo</span> <span class='ocrx_word' id='word_1_506' title='bbox 1645 4141 1677 4196; x_wconf 87' lang='lat' dir='ltr'>et</span> <span class='ocrx_word' id='word_1_507' title='bbox 1689 4135 1899 4198; x_wconf 87' lang='lat' dir='ltr'>abstinendum</span> 
     </span>
     <span class='ocr_line' id='line_1_42' title="bbox 319 4227 1901 4310; baseline -0.002 -17"><span class='ocrx_word' id='word_1_508' title='bbox 319 4231 420 4293; x_wconf 84' lang='lat' dir='ltr'>tirum</span> <span class='ocrx_word' id='word_1_509' title='bbox 435 4247 537 4308; x_wconf 82' lang='lat' dir='ltr'>grave,</span> <span class='ocrx_word' id='word_1_510' title='bbox 552 4235 586 4290; x_wconf 84' lang='lat' dir='ltr'>et</span> <span class='ocrx_word' id='word_1_511' title='bbox 599 4229 746 4309; x_wconf 90' lang='lat' dir='ltr'>prudeus,</span> <span class='ocrx_word' id='word_1_512' title='bbox 762 4235 796 4290; x_wconf 90' lang='lat' dir='ltr'>ut</span> <span class='ocrx_word' id='word_1_513' title='bbox 809 4247 965 4309; x_wconf 92' lang='lat' dir='ltr'>suppono:</span> <span class='ocrx_word' id='word_1_514' title='bbox 978 4229 1088 4291; x_wconf 87' lang='lat' dir='ltr'>deiude</span> <span class='ocrx_word' id='word_1_515' title='bbox 1138 4232 1197 4292; x_wconf 90' lang='lat' dir='ltr'>erit</span> <span class='ocrx_word' id='word_1_516' title='bbox 1207 4231 1247 4292; x_wconf 89' lang='lat' dir='ltr'>ab</span> <span class='ocrx_word' id='word_1_517' title='bbox 1260 4249 1385 4292; x_wconf 87' lang='lat' dir='ltr'>assensu</span> <span class='ocrx_word' id='word_1_518' title='bbox 1399 4229 1619 4310; x_wconf 88' lang='lat' dir='ltr'>probabiliore,</span> <span class='ocrx_word' id='word_1_519' title='bbox 1634 4227 1688 4307; x_wconf 90' lang='lat' dir='ltr'>qui</span> <span class='ocrx_word' id='word_1_520' title='bbox 1700 4228 1794 4290; x_wconf 87' lang='lat' dir='ltr'>etiam</span> <span class='ocrx_word' id='word_1_521' title='bbox 1808 4235 1901 4309; x_wconf 84' lang='lat' dir='ltr'>potest</span> 
     </span>
     <span class='ocr_line' id='line_1_43' title="bbox 320 4321 1899 4404; baseline -0.002 -20"><span class='ocrx_word' id='word_1_522' title='bbox 320 4341 359 4384; x_wconf 86' lang='lat' dir='ltr'>ex</span> <span class='ocrx_word' id='word_1_523' title='bbox 377 4329 464 4404; x_wconf 92' lang='lat' dir='ltr'>parte</span> <span class='ocrx_word' id='word_1_524' title='bbox 484 4322 652 4383; x_wconf 86' lang='lat' dir='ltr'>voluntatis</span> <span class='ocrx_word' id='word_1_525' title='bbox 674 4321 768 4383; x_wconf 89' lang='lat' dir='ltr'>etiam</span> <span class='ocrx_word' id='word_1_526' title='bbox 786 4327 859 4383; x_wconf 91' lang='lat' dir='ltr'>sunt</span> <span class='ocrx_word' id='word_1_527' title='bbox 872 4323 988 4382; x_wconf 85' lang='lat' dir='ltr'>motiva</span> <span class='ocrx_word' id='word_1_528' title='bbox 1002 4323 1087 4384; x_wconf 85' lang='lat' dir='ltr'>suffi-</span> <span class='ocrx_word' id='word_1_529' title='bbox 1137 4341 1201 4384; x_wconf 90' lang='lat' dir='ltr'>esse</span> <span class='ocrx_word' id='word_1_530' title='bbox 1212 4323 1314 4386; x_wconf 82' lang='lat' dir='ltr'>salsus.</span> <span class='ocrx_word' id='word_1_531' title='bbox 1325 4326 1355 4384; x_wconf 68' lang='lat' dir='ltr'>t.</span> <span class='ocrx_word' id='word_1_532' title='bbox 1367 4321 1569 4384; x_wconf 88' lang='lat' dir='ltr'>Licetmelius</span> <span class='ocrx_word' id='word_1_533' title='bbox 1578 4321 1618 4381; x_wconf 91' lang='lat' dir='ltr'>sit</span> <span class='ocrx_word' id='word_1_534' title='bbox 1626 4339 1692 4381; x_wconf 92' lang='lat' dir='ltr'>non</span> <span class='ocrx_word' id='word_1_535' title='bbox 1700 4339 1804 4382; x_wconf 88' lang='lat' dir='ltr'>errare</span> <span class='ocrx_word' id='word_1_536' title='bbox 1813 4339 1899 4402; x_wconf 82' lang='lat' dir='ltr'>quam</span> 
     </span>
     <span class='ocr_line' id='line_1_44' title="bbox 320 4413 1901 4495; baseline -0.001 -19"><span class='ocrx_word' id='word_1_537' title='bbox 320 4416 442 4494; x_wconf 89' lang='lat' dir='ltr'>cientia,</span> <span class='ocrx_word' id='word_1_538' title='bbox 454 4435 485 4476; x_wconf 90' lang='lat' dir='ltr'>v.</span> <span class='ocrx_word' id='word_1_539' title='bbox 496 4433 527 4493; x_wconf 91' lang='lat' dir='ltr'>g.</span> <span class='ocrx_word' id='word_1_540' title='bbox 542 4420 579 4476; x_wconf 89' lang='lat' dir='ltr'>ut</span> <span class='ocrx_word' id='word_1_541' title='bbox 588 4414 656 4493; x_wconf 87' lang='lat' dir='ltr'>sibi,</span> <span class='ocrx_word' id='word_1_542' title='bbox 668 4415 717 4476; x_wconf 83' lang='lat' dir='ltr'>rel</span> <span class='ocrx_word' id='word_1_543' title='bbox 724 4414 790 4476; x_wconf 91' lang='lat' dir='ltr'>aliis</span> <span class='ocrx_word' id='word_1_544' title='bbox 799 4433 864 4476; x_wconf 88' lang='lat' dir='ltr'>non</span> <span class='ocrx_word' id='word_1_545' title='bbox 878 4414 989 4476; x_wconf 87' lang='lat' dir='ltr'>inferat</span> <span class='ocrx_word' id='word_1_546' title='bbox 995 4415 1087 4475; x_wconf 88' lang='lat' dir='ltr'>nimis</span> <span class='ocrx_word' id='word_1_547' title='bbox 1137 4433 1250 4486; x_wconf 89' lang='lat' dir='ltr'>errare,</span> <span class='ocrx_word' id='word_1_548' title='bbox 1266 4423 1372 4478; x_wconf 62' lang='lat' dir='ltr'>eman</span> <span class='ocrx_word' id='word_1_549' title='bbox 1385 4434 1450 4476; x_wconf 91' lang='lat' dir='ltr'>non</span> <span class='ocrx_word' id='word_1_550' title='bbox 1465 4413 1565 4476; x_wconf 90' lang='lat' dir='ltr'>omnis</span> <span class='ocrx_word' id='word_1_551' title='bbox 1575 4431 1662 4474; x_wconf 90' lang='lat' dir='ltr'>error</span> <span class='ocrx_word' id='word_1_552' title='bbox 1675 4419 1722 4475; x_wconf 88' lang='lat' dir='ltr'>est</span> <span class='ocrx_word' id='word_1_553' title='bbox 1731 4413 1901 4495; x_wconf 83' lang='lat' dir='ltr'>simpliciter</span> 
     </span>
     <span class='ocr_line' id='line_1_45' title="bbox 320 4505 1908 4587; baseline 0 -19"><span class='ocrx_word' id='word_1_554' title='bbox 320 4526 448 4587; x_wconf 82' lang='lat' dir='ltr'>gravem</span> <span class='ocrx_word' id='word_1_555' title='bbox 462 4506 644 4581; x_wconf 88' lang='lat' dir='ltr'>molestiam,</span> <span class='ocrx_word' id='word_1_556' title='bbox 661 4512 697 4566; x_wconf 92' lang='lat' dir='ltr'>ut</span> <span class='ocrx_word' id='word_1_557' title='bbox 710 4505 1087 4568; x_wconf 82' lang='lat' dir='ltr'>serveteonseientiaesuae</span> <span class='ocrx_word' id='word_1_558' title='bbox 1137 4510 1256 4570; x_wconf 91' lang='lat' dir='ltr'>malum</span> <span class='ocrx_word' id='word_1_559' title='bbox 1282 4509 1467 4584; x_wconf 89' lang='lat' dir='ltr'>intellectus,</span> <span class='ocrx_word' id='word_1_560' title='bbox 1497 4507 1639 4587; x_wconf 79' lang='lat' dir='ltr'>quamvis</span> <span class='ocrx_word' id='word_1_561' title='bbox 1662 4507 1703 4566; x_wconf 90' lang='lat' dir='ltr'>sit</span> <span class='ocrx_word' id='word_1_562' title='bbox 1722 4508 1826 4568; x_wconf 88' lang='lat' dir='ltr'>minus</span> <span class='ocrx_word' id='word_1_563' title='bbox 1849 4505 1908 4567; x_wconf 79' lang='lat' dir='ltr'>bo-&#39;</span> 
     </span>
     <span class='ocr_line' id='line_1_46' title="bbox 319 4599 1901 4681; baseline 0 -21"><span class='ocrx_word' id='word_1_564' title='bbox 319 4599 503 4672; x_wconf 84' lang='lat' dir='ltr'>libertatem,</span> <span class='ocrx_word' id='word_1_565' title='bbox 532 4605 567 4661; x_wconf 90' lang='lat' dir='ltr'>ut</span> <span class='ocrx_word' id='word_1_566' title='bbox 591 4599 733 4660; x_wconf 89' lang='lat' dir='ltr'>ostendat</span> <span class='ocrx_word' id='word_1_567' title='bbox 759 4618 851 4660; x_wconf 87' lang='lat' dir='ltr'>suave</span> <span class='ocrx_word' id='word_1_568' title='bbox 886 4617 950 4660; x_wconf 87' lang='lat' dir='ltr'>esse</span> <span class='ocrx_word' id='word_1_569' title='bbox 977 4600 1086 4660; x_wconf 86' lang='lat' dir='ltr'>Christi</span> <span class='ocrx_word' id='word_1_570' title='bbox 1136 4620 1225 4678; x_wconf 92' lang='lat' dir='ltr'>num,</span> <span class='ocrx_word' id='word_1_571' title='bbox 1255 4602 1380 4681; x_wconf 89' lang='lat' dir='ltr'>quando</span> <span class='ocrx_word' id='word_1_572' title='bbox 1402 4601 1487 4661; x_wconf 90' lang='lat' dir='ltr'>enim</span> <span class='ocrx_word' id='word_1_573' title='bbox 1510 4606 1594 4660; x_wconf 88' lang='lat' dir='ltr'>certo</span> <span class='ocrx_word' id='word_1_574' title='bbox 1610 4599 1722 4678; x_wconf 86' lang='lat' dir='ltr'>attingi</span> <span class='ocrx_word' id='word_1_575' title='bbox 1731 4619 1792 4661; x_wconf 90' lang='lat' dir='ltr'>nou</span> <span class='ocrx_word' id='word_1_576' title='bbox 1807 4603 1901 4679; x_wconf 84' lang='lat' dir='ltr'>potest</span> 
     </span>
     <span class='ocr_line' id='line_1_47' title="bbox 315 4690 1899 4773; baseline -0.002 -20"><span class='ocrx_word' id='word_1_577' title='bbox 315 4692 438 4772; x_wconf 85' lang='lat' dir='ltr'>jugum,</span> <span class='ocrx_word' id='word_1_578' title='bbox 467 4692 540 4773; x_wconf 88' lang='lat' dir='ltr'>quia</span> <span class='ocrx_word' id='word_1_579' title='bbox 566 4691 627 4768; x_wconf 91' lang='lat' dir='ltr'>hic,</span> <span class='ocrx_word' id='word_1_580' title='bbox 653 4696 684 4752; x_wconf 90' lang='lat' dir='ltr'>et</span> <span class='ocrx_word' id='word_1_581' title='bbox 710 4710 795 4754; x_wconf 92' lang='lat' dir='ltr'>nunc</span> <span class='ocrx_word' id='word_1_582' title='bbox 819 4691 902 4752; x_wconf 90' lang='lat' dir='ltr'>utilis</span> <span class='ocrx_word' id='word_1_583' title='bbox 924 4691 984 4752; x_wconf 89' lang='lat' dir='ltr'>erit</span> <span class='ocrx_word' id='word_1_584' title='bbox 997 4692 1088 4754; x_wconf 88' lang='lat' dir='ltr'>saluti</span> <span class='ocrx_word' id='word_1_585' title='bbox 1136 4694 1259 4768; x_wconf 90' lang='lat' dir='ltr'>veritas,</span> <span class='ocrx_word' id='word_1_586' title='bbox 1283 4699 1328 4755; x_wconf 88' lang='lat' dir='ltr'>est</span> <span class='ocrx_word' id='word_1_587' title='bbox 1350 4693 1469 4754; x_wconf 92' lang='lat' dir='ltr'>bonum</span> <span class='ocrx_word' id='word_1_588' title='bbox 1490 4691 1659 4752; x_wconf 88' lang='lat' dir='ltr'>intellectui</span> <span class='ocrx_word' id='word_1_589' title='bbox 1678 4691 1722 4752; x_wconf 92' lang='lat' dir='ltr'>sic</span> <span class='ocrx_word' id='word_1_590' title='bbox 1736 4690 1853 4772; x_wconf 89' lang='lat' dir='ltr'>opinari</span> <span class='ocrx_word' id='word_1_591' title='bbox 1865 4691 1899 4751; x_wconf 88' lang='lat' dir='ltr'>de</span> 
     </span>
     <span class='ocr_line' id='line_1_48' title="bbox 319 4783 1980 4866; baseline -0.001 -20"><span class='ocrx_word' id='word_1_592' title='bbox 319 4785 463 4865; x_wconf 84' lang='lat' dir='ltr'>proximi,</span> <span class='ocrx_word' id='word_1_593' title='bbox 490 4783 515 4844; x_wconf 88' lang='lat' dir='ltr'>si</span> <span class='ocrx_word' id='word_1_594' title='bbox 542 4784 690 4845; x_wconf 87' lang='lat' dir='ltr'>assentiar</span> <span class='ocrx_word' id='word_1_595' title='bbox 714 4785 796 4863; x_wconf 88' lang='lat' dir='ltr'>parti</span> <span class='ocrx_word' id='word_1_596' title='bbox 822 4784 986 4863; x_wconf 80' lang='lat' dir='ltr'>benignae3</span> <span class='ocrx_word' id='word_1_597' title='bbox 1015 4785 1087 4863; x_wconf 91' lang='lat' dir='ltr'>quia</span> <span class='ocrx_word' id='word_1_598' title='bbox 1136 4785 1275 4862; x_wconf 85' lang='lat' dir='ltr'>veritate,</span> <span class='ocrx_word' id='word_1_599' title='bbox 1297 4805 1367 4865; x_wconf 75' lang='lat' dir='ltr'>quas</span> <span class='ocrx_word' id='word_1_600' title='bbox 1388 4784 1557 4866; x_wconf 88' lang='lat' dir='ltr'>prudenter</span> <span class='ocrx_word' id='word_1_601' title='bbox 1577 4784 1775 4864; x_wconf 75' lang='lat' dir='ltr'>presumitur</span> <span class='ocrx_word' id='word_1_602' title='bbox 1783 4783 1900 4844; x_wconf 72' lang='lat' dir='ltr'>subesse</span> <span class='ocrx_word' id='word_1_603' title='bbox 1978 4855 1980 4860; x_wconf 68' lang='lat'>,</span> 
     </span>
     <span class='ocr_line' id='line_1_49' title="bbox 318 4867 1980 4959; baseline -0.001 -21"><span class='ocrx_word' id='word_1_604' title='bbox 318 4878 424 4957; x_wconf 87' lang='lat' dir='ltr'>opinio</span> <span class='ocrx_word' id='word_1_605' title='bbox 447 4877 505 4938; x_wconf 88' lang='lat' dir='ltr'>ista</span> <span class='ocrx_word' id='word_1_606' title='bbox 523 4878 628 4938; x_wconf 88' lang='lat' dir='ltr'>minus</span> <span class='ocrx_word' id='word_1_607' title='bbox 646 4874 813 4957; x_wconf 91' lang='lat' dir='ltr'>probabilis</span> <span class='ocrx_word' id='word_1_608' title='bbox 836 4883 881 4938; x_wconf 90' lang='lat' dir='ltr'>est</span> <span class='ocrx_word' id='word_1_609' title='bbox 905 4877 938 4938; x_wconf 86' lang='lat' dir='ltr'>S.</span> <span class='ocrx_word' id='word_1_610' title='bbox 959 4877 1019 4937; x_wconf 91' lang='lat' dir='ltr'>Th.</span> <span class='ocrx_word' id='word_1_611' title='bbox 1042 4883 1088 4938; x_wconf 89' lang='lat' dir='ltr'>est</span> <span class='ocrx_word' id='word_1_612' title='bbox 1135 4878 1190 4938; x_wconf 92' lang='lat' dir='ltr'>tali</span> <span class='ocrx_word' id='word_1_613' title='bbox 1203 4879 1331 4947; x_wconf 90' lang='lat' dir='ltr'>motivo,</span> <span class='ocrx_word' id='word_1_614' title='bbox 1344 4880 1390 4938; x_wconf 93' lang='lat' dir='ltr'>uti</span> <span class='ocrx_word' id='word_1_615' title='bbox 1403 4877 1545 4959; x_wconf 89' lang='lat' dir='ltr'>pluribus</span> <span class='ocrx_word' id='word_1_616' title='bbox 1555 4877 1675 4938; x_wconf 92' lang='lat' dir='ltr'>dicetur</span> <span class='ocrx_word' id='word_1_617' title='bbox 1689 4896 1722 4937; x_wconf 92' lang='lat' dir='ltr'>n.</span> <span class='ocrx_word' id='word_1_618' title='bbox 1735 4878 1800 4938; x_wconf 74' lang='grc'><strong>700.</strong></span> <span class='ocrx_word' id='word_1_619' title='bbox 1816 4875 1899 4937; x_wconf 88' lang='lat' dir='ltr'>sicuti</span> <span class='ocrx_word' id='word_1_620' title='bbox 1979 4867 1980 4878; x_wconf 71' lang='grc'>’</span> 
     </span>
     <span class='ocr_line' id='line_1_50' title="bbox 319 4969 1899 5050; baseline -0.001 -18"><span class='ocrx_word' id='word_1_621' title='bbox 319 4969 514 5032; x_wconf 90' lang='lat' dir='ltr'>communior</span> <span class='ocrx_word' id='word_1_622' title='bbox 537 4971 571 5030; x_wconf 88' lang='lat' dir='ltr'>in</span> <span class='ocrx_word' id='word_1_623' title='bbox 598 4969 703 5032; x_wconf 87' lang='lat' dir='ltr'>schola</span> <span class='ocrx_word' id='word_1_624' title='bbox 728 4974 843 5043; x_wconf 88' lang='lat' dir='ltr'>nostra,</span> <span class='ocrx_word' id='word_1_625' title='bbox 874 4987 893 5029; x_wconf 89' lang='lat' dir='ltr'>a</span> <span class='ocrx_word' id='word_1_626' title='bbox 920 4969 1086 5049; x_wconf 85' lang='lat' dir='ltr'>Superiora</span> <span class='ocrx_word' id='word_1_627' title='bbox 1136 4970 1255 5032; x_wconf 88' lang='lat' dir='ltr'>bonum</span> <span class='ocrx_word' id='word_1_628' title='bbox 1271 4976 1317 5032; x_wconf 91' lang='lat' dir='ltr'>cst</span> <span class='ocrx_word' id='word_1_629' title='bbox 1334 4970 1503 5032; x_wconf 88' lang='lat' dir='ltr'>intellectui</span> <span class='ocrx_word' id='word_1_630' title='bbox 1528 4987 1713 5049; x_wconf 80' lang='lat' dir='ltr'>cognoscere</span> <span class='ocrx_word' id='word_1_631' title='bbox 1734 4969 1899 5050; x_wconf 79' lang='lat' dir='ltr'>apprehm-</span> 
     </span>
     <span class='ocr_line' id='line_1_51' title="bbox 318 5060 1897 5142; baseline -0.003 -18"><span class='ocrx_word' id='word_1_632' title='bbox 318 5063 395 5125; x_wconf 86' lang='lat' dir='ltr'>mihi</span> <span class='ocrx_word' id='word_1_633' title='bbox 416 5062 573 5139; x_wconf 87' lang='lat' dir='ltr'>suadetur,</span> <span class='ocrx_word' id='word_1_634' title='bbox 602 5060 720 5123; x_wconf 77' lang='lat' dir='ltr'>facilius</span> <span class='ocrx_word' id='word_1_635' title='bbox 743 5061 914 5140; x_wconf 85' lang='lat' dir='ltr'>explicatur</span> <span class='ocrx_word' id='word_1_636' title='bbox 931 5061 1087 5139; x_wconf 88' lang='lat' dir='ltr'>discipulis</span> <span class='ocrx_word' id='word_1_637' title='bbox 1136 5062 1210 5140; x_wconf 88' lang='lat' dir='ltr'>sive,</span> <span class='ocrx_word' id='word_1_638' title='bbox 1219 5062 1362 5142; x_wconf 90' lang='lat' dir='ltr'>quamvis</span> <span class='ocrx_word' id='word_1_639' title='bbox 1370 5062 1482 5124; x_wconf 88' lang='lat' dir='ltr'>melius</span> <span class='ocrx_word' id='word_1_640' title='bbox 1491 5063 1722 5140; x_wconf 84' lang='lat' dir='ltr'>sitcoguoscere</span> <span class='ocrx_word' id='word_1_641' title='bbox 1728 5061 1897 5140; x_wconf 71' lang='lat' dir='ltr'>indicative.</span> 
     </span>
     <span class='ocr_line' id='line_1_52' title="bbox 318 5153 1899 5235; baseline -0.003 -18"><span class='ocrx_word' id='word_1_642' title='bbox 318 5161 375 5217; x_wconf 84' lang='lat' dir='ltr'>eto.</span> <span class='ocrx_word' id='word_1_643' title='bbox 392 5155 559 5235; x_wconf 88' lang='lat' dir='ltr'>debuitque</span> <span class='ocrx_word' id='word_1_644' title='bbox 579 5153 646 5215; x_wconf 80' lang='lat' dir='ltr'>hae</span> <span class='ocrx_word' id='word_1_645' title='bbox 664 5154 730 5234; x_wconf 87' lang='lat' dir='ltr'>ipsa</span> <span class='ocrx_word' id='word_1_646' title='bbox 749 5153 838 5214; x_wconf 86' lang='lat' dir='ltr'>fateri</span> <span class='ocrx_word' id='word_1_647' title='bbox 853 5153 996 5214; x_wconf 88' lang='lat' dir='ltr'>Ehreutr.</span> <span class='ocrx_word' id='word_1_648' title='bbox 1012 5172 1086 5214; x_wconf 90' lang='lat' dir='ltr'>nam</span> <span class='ocrx_word' id='word_1_649' title='bbox 1136 5153 1198 5216; x_wconf 88' lang='lat' dir='ltr'>Nec</span> <span class='ocrx_word' id='word_1_650' title='bbox 1222 5154 1325 5229; x_wconf 87' lang='lat' dir='ltr'>obstet,</span> <span class='ocrx_word' id='word_1_651' title='bbox 1355 5155 1439 5235; x_wconf 90' lang='lat' dir='ltr'>quod</span> <span class='ocrx_word' id='word_1_652' title='bbox 1462 5154 1525 5216; x_wconf 89' lang='lat' dir='ltr'>sola</span> <span class='ocrx_word' id='word_1_653' title='bbox 1553 5153 1665 5215; x_wconf 86' lang='lat' dir='ltr'>veritas</span> <span class='ocrx_word' id='word_1_654' title='bbox 1698 5155 1811 5216; x_wconf 80' lang='lat' dir='ltr'>dimtar</span> <span class='ocrx_word' id='word_1_655' title='bbox 1838 5170 1899 5214; x_wconf 82' lang='lat' dir='ltr'>esse</span> 
     </span>
     <span class='ocr_line' id='line_1_53' title="bbox 317 5244 1898 5329; baseline -0.003 -19"><span class='ocrx_word' id='word_1_656' title='bbox 317 5249 352 5310; x_wconf 89' lang='lat' dir='ltr'>iu</span> <span class='ocrx_word' id='word_1_657' title='bbox 365 5247 523 5329; x_wconf 90' lang='lat' dir='ltr'>principiis</span> <span class='ocrx_word' id='word_1_658' title='bbox 543 5246 640 5309; x_wconf 88' lang='lat' dir='ltr'>concl.</span> <span class='ocrx_word' id='word_1_659' title='bbox 657 5249 686 5307; x_wconf 89' lang='lat'>3.</span> <span class='ocrx_word' id='word_1_660' title='bbox 707 5245 750 5306; x_wconf 90' lang='lat' dir='ltr'>sic</span> <span class='ocrx_word' id='word_1_661' title='bbox 772 5245 877 5322; x_wconf 86' lang='lat' dir='ltr'>habet,</span> <span class='ocrx_word' id='word_1_662' title='bbox 897 5245 998 5327; x_wconf 82' lang='lat' dir='ltr'>[psum</span> <span class='ocrx_word' id='word_1_663' title='bbox 1011 5265 1087 5308; x_wconf 80' lang='lat' dir='ltr'>coor-</span> <span class='ocrx_word' id='word_1_664' title='bbox 1135 5246 1255 5308; x_wconf 88' lang='lat' dir='ltr'>bonum</span> <span class='ocrx_word' id='word_1_665' title='bbox 1293 5247 1482 5322; x_wconf 86' lang='lat' dir='ltr'>intellectus,</span> <span class='ocrx_word' id='word_1_666' title='bbox 1521 5265 1590 5306; x_wconf 80' lang='lat' dir='ltr'>rom</span> <span class='ocrx_word' id='word_1_667' title='bbox 1625 5245 1804 5326; x_wconf 78' lang='lat' dir='ltr'>intelligitur</span> <span class='ocrx_word' id='word_1_668' title='bbox 1837 5244 1898 5306; x_wconf 90' lang='lat' dir='ltr'>sola</span> 
     </span>
     <span class='ocr_line' id='line_1_54' title="bbox 319 5337 1898 5419; baseline -0.003 -18"><span class='ocrx_word' id='word_1_669' title='bbox 319 5339 446 5417; x_wconf 85' lang='lat' dir='ltr'>modum,</span> <span class='ocrx_word' id='word_1_670' title='bbox 476 5338 522 5401; x_wconf 87' lang='lat' dir='ltr'>uel</span> <span class='ocrx_word' id='word_1_671' title='bbox 543 5337 748 5400; x_wconf 82' lang='lat' dir='ltr'>irrorruuodem</span> <span class='ocrx_word' id='word_1_672' title='bbox 770 5338 896 5400; x_wconf 78' lang='lat' dir='ltr'>eotattle</span> <span class='ocrx_word' id='word_1_673' title='bbox 919 5340 1024 5416; x_wconf 86' lang='lat' dir='ltr'>vicem,</span> <span class='ocrx_word' id='word_1_674' title='bbox 1058 5345 1086 5400; x_wconf 88' lang='lat' dir='ltr'>et</span> <span class='ocrx_word' id='word_1_675' title='bbox 1135 5339 1257 5414; x_wconf 81' lang='lat' dir='ltr'>ueritas,</span> <span class='ocrx_word' id='word_1_676' title='bbox 1286 5339 1335 5400; x_wconf 90' lang='lat' dir='ltr'>vel</span> <span class='ocrx_word' id='word_1_677' title='bbox 1358 5339 1461 5416; x_wconf 88' lang='lat' dir='ltr'>realis,</span> <span class='ocrx_word' id='word_1_678' title='bbox 1485 5338 1536 5399; x_wconf 91' lang='lat' dir='ltr'>vel</span> <span class='ocrx_word' id='word_1_679' title='bbox 1556 5338 1666 5400; x_wconf 87' lang='lat' dir='ltr'>saltam</span> <span class='ocrx_word' id='word_1_680' title='bbox 1687 5356 1845 5419; x_wconf 88' lang='lat' dir='ltr'>apparens,</span> <span class='ocrx_word' id='word_1_681' title='bbox 1866 5341 1898 5396; x_wconf 91' lang='lat' dir='ltr'>ut</span> 
     </span>
     <span class='ocr_line' id='line_1_55' title="bbox 316 5429 1896 5514; baseline -0.003 -20"><span class='ocrx_word' id='word_1_682' title='bbox 316 5432 431 5514; x_wconf 75' lang='lat' dir='ltr'>poudm</span> <span class='ocrx_word' id='word_1_683' title='bbox 444 5431 568 5492; x_wconf 78' lang='lat' dir='ltr'>rationis</span> <span class='ocrx_word' id='word_1_684' title='bbox 583 5429 683 5508; x_wconf 72' lang='lat' dir='ltr'>dubet,</span> <span class='ocrx_word' id='word_1_685' title='bbox 699 5430 783 5492; x_wconf 89' lang='lat' dir='ltr'>addit</span> <span class='ocrx_word' id='word_1_686' title='bbox 796 5431 879 5493; x_wconf 88' lang='lat' dir='ltr'>idem</span> <span class='ocrx_word' id='word_1_687' title='bbox 890 5450 966 5509; x_wconf 89' lang='lat' dir='ltr'>esse,</span> <span class='ocrx_word' id='word_1_688' title='bbox 982 5432 1008 5492; x_wconf 88' lang='lat' dir='ltr'>si</span> <span class='ocrx_word' id='word_1_689' title='bbox 1022 5449 1088 5511; x_wconf 87' lang='lat' dir='ltr'>spe-</span> <span class='ocrx_word' id='word_1_690' title='bbox 1135 5431 1253 5494; x_wconf 91' lang='lat' dir='ltr'>dietum</span> <span class='ocrx_word' id='word_1_691' title='bbox 1273 5436 1320 5494; x_wconf 87' lang='lat' dir='ltr'>est</span> <span class='ocrx_word' id='word_1_692' title='bbox 1341 5450 1373 5492; x_wconf 87' lang='lat' dir='ltr'>n.</span> <span class='ocrx_word' id='word_1_693' title='bbox 1396 5433 1466 5493; x_wconf 69' lang='grc'><strong>400.</strong></span> <span class='ocrx_word' id='word_1_694' title='bbox 1482 5429 1573 5492; x_wconf 90' lang='lat' dir='ltr'>realis</span> <span class='ocrx_word' id='word_1_695' title='bbox 1588 5431 1714 5512; x_wconf 88' lang='lat' dir='ltr'>quidem</span> <span class='ocrx_word' id='word_1_696' title='bbox 1728 5435 1771 5492; x_wconf 85' lang='lat' dir='ltr'>est</span> <span class='ocrx_word' id='word_1_697' title='bbox 1781 5429 1896 5492; x_wconf 87' lang='lat' dir='ltr'>honum</span> 
     </span>
     <span class='ocr_line' id='line_1_56' title="bbox 319 5523 1979 5608; baseline -0.003 -20"><span class='ocrx_word' id='word_1_698' title='bbox 319 5525 402 5588; x_wconf 86' lang='lat' dir='ltr'>cialis</span> <span class='ocrx_word' id='word_1_699' title='bbox 420 5526 566 5586; x_wconf 87' lang='lat' dir='ltr'>honestas</span> <span class='ocrx_word' id='word_1_700' title='bbox 580 5523 754 5586; x_wconf 90' lang='lat' dir='ltr'>insinuetur</span> <span class='ocrx_word' id='word_1_701' title='bbox 763 5524 960 5584; x_wconf 87' lang='lat' dir='ltr'>intellectuia</span> <span class='ocrx_word' id='word_1_702' title='bbox 974 5524 1087 5584; x_wconf 88' lang='lat' dir='ltr'>volun·</span> <span class='ocrx_word' id='word_1_703' title='bbox 1136 5541 1248 5603; x_wconf 81' lang='lat' dir='ltr'>peree3</span> <span class='ocrx_word' id='word_1_704' title='bbox 1263 5541 1416 5605; x_wconf 86' lang='lat' dir='ltr'>apparens</span> <span class='ocrx_word' id='word_1_705' title='bbox 1429 5527 1544 5602; x_wconf 57' lang='lat' dir='ltr'>autent</span> <span class='ocrx_word' id='word_1_706' title='bbox 1560 5541 1632 5605; x_wconf 78' lang='lat' dir='ltr'>qum</span> <span class='ocrx_word' id='word_1_707' title='bbox 1650 5529 1697 5586; x_wconf 87' lang='lat' dir='ltr'>est</span> <span class='ocrx_word' id='word_1_708' title='bbox 1716 5537 1895 5586; x_wconf 83' lang='lat' dir='ltr'>eumerrore</span> <span class='ocrx_word' id='word_1_709' title='bbox 1978 5587 1979 5608; x_wconf 64' lang='lat'><strong>.</strong></span> 
     </span>
    </p>
   </div>
   <div class='ocr_carea' id='block_1_4' title="bbox 1980 2018 1984 2834">
    <p class='ocr_par' dir='ltr' id='par_1_4' title="bbox 1980 2018 1984 2834">
     <span class='ocr_line' id='line_1_57' title="bbox 1980 2018 1984 2834; baseline 0 0"><span class='ocrx_word' id='word_1_710' title='bbox 1980 2018 1984 2834; x_wconf 95' lang='lat' dir='ltr'> </span> 
     </span>
    </p>
   </div>
   <div class='ocr_carea' id='block_1_5' title="bbox 1977 3131 1986 5227">
    <p class='ocr_par' dir='ltr' id='par_1_5' title="bbox 1977 3131 1986 5227">
     <span class='ocr_line' id='line_1_58' title="bbox 1977 3131 1986 5227; baseline 0 0"><span class='ocrx_word' id='word_1_711' title='bbox 1977 3131 1986 5227; x_wconf 95' lang='lat' dir='ltr'> </span> 
     </span>
    </p>
   </div>
   <div class='ocr_carea' id='block_1_6' title="bbox 0 0 1995 6340">
    <p class='ocr_par' dir='ltr' id='par_1_6' title="bbox 0 0 1995 6340">
     <span class='ocr_line' id='line_1_59' title="bbox 0 0 1995 6340; baseline 0 0"><span class='ocrx_word' id='word_1_712' title='bbox 0 0 1995 6340; x_wconf 95' lang='lat' dir='ltr'> </span> 
     </span>
    </p>
   </div>
  </div>
 </body>
</html>
