3976 6342
543 445 593 507 DE
613 445 718 510 Locis
739 445 906 510 MORALIS
927 447 1167 511 THEOLOGIAE.
1584 453 1641 514 ilii

71 615 190 697 gandam
209 633 318 677 sanam
336 615 508 678 doctrinam
529 617 649 679 assidue
671 617 821 679 conferas.
874 635 913 678 ne
922 619 1077 697 cognitam
1095 617 1280 698 pastoralem
1292 619 1325 680 in
1333 619 1481 680 athenea
1501 619 1642 682 doctrina

72 710 294 788 Nepueomittas
305 709 624 784 omnibusinculcarc,
635 710 824 790 utprolauas
873 712 990 772 tuenda
1000 729 1107 772 curam
1121 717 1151 774 et
1167 712 1403 773 sollicitudinem
1420 730 1483 773 non
1493 712 1641 774 mediocri

71 819 164 865 omnes
186 802 339 864 novitates
364 803 527 882 diligenter
549 804 695 880 devitent,
723 821 823 882 neque
873 805 1057 865 certeanimi
1065 805 1511 884 Nostrijucunditatcundique
1521 804 1642 868 elucere

69 897 102 958 ab
112 895 167 956 illia
180 897 319 976 sadeoipi
329 914 468 976 linquam
476 897 705 976 patiantur,qui
716 897 824 958 falsam
872 899 1085 976 perspeximus
1098 898 1129 958 in
1144 899 1368 978 Litteris,quas,
1377 899 1484 958 dilecte
1494 899 1551 958 Fili
1564 901 1641 960 Nos-

67 989 186 1050 scicntiae
198 989 823 1069 libertatem,cjusquenonsolumverum
872 995 929 1062 ter,
937 990 1172 1070 dieltiproximi
1180 991 1404 1072 mensisuprilis
1414 991 1452 1052 ad
1461 991 1523 1050 Nos
1532 992 1642 1054 dedisti

67 1081 234 1161 proiectum,
248 1084 303 1143 sed
318 1084 411 1144 etiam
434 1101 553 1144 errores
566 1089 727 1162 tamquam
748 1103 823 1162 pro·
872 1101 964 1162 super
987 1085 1108 1145 decreto
1140 1085 1299 1145 Pontificia
1329 1085 1439 1145 Nostra
1452 1085 1641 1147 auctoritate

66 1191 173 1253 gressus
185 1174 518 1254 impudenterjactunt.
532 1177 630 1255 Atque
640 1177 707 1256 pari
721 1177 821 1236 studio
873 1177 1098 1256 sancito,atque
1113 1195 1131 1237 a
1145 1178 1254 1238 Nostra
1266 1175 1375 1237 iudicis
1385 1177 1639 1256 Congregationc‚

67 1275 92 1326 et
103 1268 293 1329 contentione
307 1285 348 1330 ne
367 1267 488 1330 desinas
508 1287 616 1330 omnes
638 1269 767 1342 hortari,
787 1273 822 1329 ut
872 1269 922 1330 dic
946 1270 1060 1330 mensis
1090 1270 1225 1348 januarii
1244 1271 1337 1348 hujus
1364 1269 1437 1329 anni
1456 1270 1548 1344 edita,
1579 1289 1641 1349 quo

67 1361 184 1421 maxima
201 1379 276 1421 cura
295 1367 327 1422 et
344 1359 496 1422 industria
513 1362 546 1421 in
565 1379 670 1422 veram
684 1362 821 1422 christia·
872 1378 965 1440 opera
975 1361 1078 1422 dilecti
1088 1361 1156 1422 Filii
1173 1361 1342 1441 presbytcri
1364 1361 1489 1422 Antonii
1503 1362 1642 1424 Giinther

66 1469 127 1512 nam
148 1458 177 1513 et
202 1453 387 1515 catholicam
414 1454 596 1534 sapientiam
627 1453 818 1523 incumbant,
871 1456 1041 1534 proscripta
1054 1455 1641 1534 fuerunt.NosquidemproApostolici

66 1549 153 1622 atqua
168 1545 213 1606 nti
234 1565 294 1626 par
308 1553 366 1624 est,
381 1547 415 1607 in
433 1564 556 1607 summo
572 1548 670 1626 pretio
685 1546 821 1608 babeant
872 1547 972 1607 Nostri
992 1548 1156 1608 ministerii
1176 1547 1276 1608 officio
1294 1547 1388 1608 nuNis
1406 1564 1546 1626 unquam
1566 1565 1640 1628 par·

65 1651 140 1694 veros
170 1635 347 1716 solidosque
378 1636 509 1697 scientiae
543 1653 733 1715 progressus,
767 1637 820 1715 qui
871 1644 973 1699 centes
987 1639 1077 1716 euris,
1091 1641 1245 1719 nullisque
1261 1640 1429 1716 laboribus,
1445 1644 1480 1700 nt
1493 1639 1565 1701 ndei
1587 1642 1641 1702 de-

65 1725 236 1788 nuctissima
250 1747 286 1788 ac
301 1727 569 1790 divinafideduca
583 1735 613 1790 et
627 1729 774 1807 magistra
787 1729 820 1789 in
870 1733 1007 1811 positum
1034 1733 1128 1793 Nobis
1149 1733 1296 1794 divinitus
1327 1731 1537 1794 concreditum
1559 1732 1639 1794 inte-

64 1819 201 1880 catbolicis
214 1821 330 1882 scholis
339 1821 434 1882 habiti
444 1819 580 1898 lucrant,
595 1827 690 1900 utque
704 1821 821 1882 theolo-
870 1842 972 1903 grum,
981 1823 1226 1905 inviolatumque
1235 1824 1497 1900 custodiatur,ubi
1503 1824 1640 1904 primum

64 1910 312 1992 gioaspraesartim
320 1913 493 1994 disciplinas
503 1914 820 1975 excolantsecundum
870 1936 888 1978 a
902 1917 1042 1997 pluribus
1055 1917 1279 1979 venerabilibus
1290 1918 1446 1978 Fratribus
1461 1919 1641 1996 spectatissi-

63 2004 197 2084 prinoipia
210 2011 242 2066 et
251 2009 429 2067 constantes
442 2008 606 2082 doctrinan,
618 2007 732 2085 quibus
745 2026 821 2067 una·
870 2011 929 2070 mis
943 2009 1116 2071 Germaniae
1131 2012 1294 2071 Sacrorum
1313 2009 1508 2070 Antistitibus
1522 2011 1639 2090 accepi·

63 2095 172 2158 nimiter
183 2098 287 2159 innixi
302 2099 518 2178 sapientissimi
537 2100 677 2161 doctores
690 2101 819 2161 immor·
871 2121 951 2179 mus,
973 2122 1037 2163 non
1067 2121 1164 2182 planca
1190 2103 1340 2164 Giintheri
1364 2101 1451 2162 libris
1472 2103 1636 2182 contineri,

62 2187 143 2250 talem
167 2190 224 2251 sibi
251 2191 390 2252 nominis
423 2191 560 2268 laudem,
589 2197 620 2252 et
652 2194 820 2256 maximam
870 2196 1006 2274 quaeipsi
1019 2196 1053 2254 in
1066 2196 1193 2255 sincerae
1203 2195 1285 2270 fidei,
1296 2200 1326 2255 et
1336 2195 1492 2255 catholica
1502 2196 1641 2257 veritatis

63 2281 186 2344 Ecclesia
200 2288 231 2344 et
245 2284 386 2346 scientiae
399 2285 565 2345 utilitatem
577 2303 612 2346 ac
625 2285 820 2364 splendorem
870 2288 1038 2368 perniciem
1056 2289 1163 2348 cedere
1180 2287 1420 2362 arbitrabantur,
1443 2287 1529 2348 nula
1547 2289 1641 2350 inter-

62 2382 244 2453 peperenmt.
272 2377 339 2437 Hoc
357 2395 430 2438 sane
444 2378 538 2438 modo
552 2377 694 2439 catholici
713 2380 772 2439 vn'ri
786 2381 820 2440 in
870 2381 968 2460 posita
987 2399 1076 2441 mora
1097 2381 1197 2441 eidem
1220 2379 1457 2458 Congrcgationi
1487 2381 1640 2442 commisi-

62 2466 180 2529 scientiis
192 2468 370 2530 excolendis
383 2475 540 2550 poterunt,
557 2472 620 2532 Deo
638 2471 815 2548 auxiliante,
870 2491 951 2550 mus,
975 2478 1010 2533 ut
1032 2491 1071 2533 ex
1094 2491 1181 2533 more
1209 2491 1305 2552 opera
1321 2472 1460 2550 ejusdcm
1488 2473 1639 2535 Giintheri

62 2561 189 2638 magisin
204 2562 271 2624 dies
286 2567 440 2642 quantum
460 2561 582 2623 homini
610 2562 655 2624 ias
671 2569 727 2640 est,
746 2583 818 2625 nos·
869 2564 1637 2644 accarratediligenterqueexcuteretperpenderet,

62 2669 130 2726 cere,
144 2653 296 2730 evolvere,
312 2660 343 2716 et
352 2654 516 2734 explanare
525 2655 820 2718 veritatumtbesau-
869 2658 1070 2734 exaurinarct,
1093 2675 1128 2718 ae
1148 2657 1260 2718 deinde
1278 2656 1507 2717 omniaomnia
1526 2657 1566 2718 ad
1577 2657 1639 2720 Nos

61 2763 131 2822 nrm,
144 2765 218 2826 quas
230 2749 266 2808 in
281 2753 402 2808 natiuae
411 2751 442 2807 st
454 2749 561 2827 gratia
576 2747 722 2826 operibus
738 2751 818 2812 Deus
868 2752 1004 2814 referret.
1021 2752 1098 2812 Cum
1109 2750 1200 2829 igitar
1206 2750 1271 2830 ipsa
1283 2747 1510 2827 congregation
1521 2749 1639 2812 Nostris

62 2839 160 2916 posuit,
182 2842 217 2901 ut
235 2839 346 2914 bomo,
368 2845 532 2918 postquam
554 2840 622 2900 illas
644 2841 771 2903 rationis
788 2849 818 2906 et
868 2845 1027 2906 mandatis·
1040 2843 1221 2922 obsequuta,
1246 2859 1363 2922 suoque
1381 2859 1510 2903 munere
1533 2842 1639 2904 iuncta

61 2929 124 2992 fidei
143 2933 260 2994 lumine
282 2933 404 2993 noverit
426 2949 575 3012 suamque
593 2933 687 2994 vitam
711 2935 818 2996 adeas
868 2955 993 2998 omnem
1010 2937 1044 2997 in
1061 2937 1121 2997 boc
1141 2935 1321 3015 gravissimo
1340 2952 1425 3011 sane,
1449 2935 1638 3016 maximique

62 3023 154 3085 sedulo
167 3025 419 3098 conformaverit,
432 3025 527 3104 possit
536 3027 571 3086 in
581 3031 704 3087 aeternae
714 3028 817 3105 gloriar
868 3029 1018 3090 momenti
1034 3029 1156 3108 negatio
1171 3045 1277 3089 curam
1291 3034 1321 3088 ct
1335 3043 1462 3106 operam
1474 3028 1545 3089 scite
1564 3029 1637 3090 rite-

61 3115 180 3179 mutan
202 3135 362 3179 summam
382 3118 554 3194 veritatem,
574 3120 674 3178 Deum
692 3120 815 3198 scilicet,
868 3142 928 3202 que
955 3122 1168 3190 collocaverit,
1198 3120 1382 3199 nullumque
1408 3121 1639 3200 pretermiserit

61 3207 115 3270 sine
131 3210 191 3272 ullo
204 3210 362 3274 velamine
376 3211 501 3284 intueri,
523 3226 620 3290 eoque
647 3211 818 3274 felicissime
868 3215 1006 3275 studium
1019 3215 1053 3274 in
1067 3213 1278 3276 Giintheriana
1292 3213 1429 3274 doctrina
1443 3213 1637 3274 accuratissi-

62 3298 243 3365 inaeternum
258 3302 575 3383 periruietgaudera.
867 3326 920 3369 mo
939 3308 1081 3368 examine
1102 3307 1268 3382 noscenda,
1288 3325 1323 3366 ao
1340 3305 1551 3386 ponderanda,
1574 3308 1639 3367 ani-

93 3393 172 3457 Hanc
186 3401 293 3457 autem
301 3409 492 3457 occasionem
500 3395 701 3456 libentissimo
713 3398 817 3458 animo
868 3401 1042 3476 madvertit,
1058 3399 1149 3479 plura
1172 3399 1206 3459 in
1229 3398 1379 3459 Giintheri
1399 3397 1486 3457 libris
1508 3401 1639 3478 reperiri

61 3488 270 3566 amplectimur,
285 3493 321 3548 ut
334 3489 438 3548 denuo
448 3493 599 3548 testemur
614 3499 644 3548 et
658 3489 818 3552 confirme
870 3491 1248 3572 omninoimprobandaac
1261 3490 1557 3569 damnanda,utpote
1569 3511 1638 3572 que

61 3595 120 3640 nus
143 3581 333 3662 praecipuam
360 3579 503 3640 Nostram
529 3581 561 3640 in
585 3583 615 3640 te
645 3582 815 3644 caritatem.
868 3585 1025 3646 catholicae
1049 3583 1188 3645 Ecclesiae
1207 3583 1354 3644 doctrina
1375 3582 1509 3643 maxime
1529 3584 1638 3645 adver·

62 3670 140 3750 Cujus
160 3693 285 3754 qnoque
298 3674 411 3753 pignus
425 3689 489 3734 esse
507 3673 651 3732 volumus
669 3674 819 3754 Apostoli·
868 3681 1019 3738 serentur.
1037 3677 1115 3737 Hinc
1136 3676 1229 3737 rebus
1244 3673 1390 3735 omnibus
1404 3691 1423 3734 a
1437 3674 1531 3734 Nobis
1545 3676 1639 3739 etiam

61 3779 117 3825 mm
128 3765 373 3828 benedictionem
382 3781 476 3844 mam
490 3763 587 3826 effuso
596 3765 695 3826 cordis
705 3765 816 3827 affectu
840 3827 843 3836 ,
868 3771 1038 3850 perpensis,
1052 3769 1159 3830 cadem
1174 3767 1376 3846 congregatio
1391 3767 1549 3828 decretum
1562 3769 1639 3831 illud

61 3854 182 3937 tibiipsi,
195 3858 389 3920 Venerabilis
402 3859 517 3933 Frater,
527 3863 558 3918 et
567 3857 652 3936 green
666 3864 724 3919 tua
734 3879 816 3920 curm
868 3880 1012 3942 suprema
1020 3861 1321 3922 Nostrabuctoritate
1329 3859 1639 3941 probatum,Tibique

62 3951 205 4012 commisso
218 3955 419 4032 peramanter
432 3949 640 4029 impertimus.
868 3955 1063 4015 notissimum
1090 3953 1197 4028 edidit,
1226 3971 1288 4031 quo
1312 3950 1523 4012 Giinthcriana
1546 3972 1639 4034 opera

94 4041 196 4104 Datum
213 4045 323 4105 Romae
346 4043 429 4122 apud
449 4043 596 4103 Sanctum
620 4041 747 4103 Petrum
766 4045 815 4104 die
867 4047 1083 4126 prohibentur,
1099 4050 1130 4106 ct
1148 4045 1386 4105 interdicuntur.
1404 4043 1490 4116 erod
1512 4045 1639 4124 quidem

61 4131 91 4190 n
108 4133 272 4196 decembris
292 4153 376 4195 anno
399 4135 485 4210 isat,
501 4133 701 4194 pontificatus
714 4136 816 4195 Nostri
867 4136 1024 4197 decretum
1032 4136 1141 4194 Nostra
1148 4133 1337 4194 Auctoritate
1347 4133 1640 4209 sancitum,Nostro-

62 4227 263 4290 nonodecimo
278 4233 399 4289 octavo.
867 4245 927 4298 atre
947 4229 1036 4307 jussu
1057 4226 1219 4305 vulgatum
1235 4225 1374 4286 sufficere
1388 4225 1479 4304 plane
1496 4226 1637 4308 debebat,

527 4306 611 4368 PIUS
629 4305 687 4368 ΡΡ·
703 4307 754 4368 IX·
867 4326 902 4381 ut
911 4320 1039 4400 quaestio
1049 4319 1150 4379 omnis
1159 4318 1281 4399 penitus
1291 4317 1443 4397 dirempta
1450 4325 1637 4400 censeretur,

867 4419 898 4474 et
915 4429 1033 4487 omnes,
1059 4411 1113 4492 qui
1130 4410 1279 4472 catholico
1302 4410 1475 4488 gloriantur
1498 4414 1637 4493 nomine,

868 4503 1639 4584 clare,apcrthueintelligerent‚sibiesseomuino

868 4597 1157 4677 obtemperandum,
1186 4601 1216 4658 et
1249 4595 1400 4656 sinceram
1433 4595 1541 4657 haberi
1575 4617 1639 4660 non

869 4708 957 4770 posse
977 4690 1150 4750 doctrinam
1168 4687 1386 4750 Giintherianis
1403 4687 1489 4748 libris
1511 4695 1639 4754 conteu-

143 4816 201 4900 Α.
271 4815 306 4902 G
321 4817 356 4902 U
373 4815 409 4900 N
427 4815 459 4898 T
477 4817 515 4900 H
533 4815 565 4900 Ε
584 4812 654 4898 Rp
673 4812 692 4895 p
711 4879 720 4900 ι
867 4787 943 4888 tam,
960 4799 995 4886 ac
1016 4781 1136 4886 nemini
1149 4781 1292 4886 deinceps
1312 4779 1357 4840 ias
1378 4797 1453 4856 esse,
1467 4781 1639 4890 doctrinam

868 4891 904 4934 us
918 4873 1003 4934 lrbrrs
1014 4873 1158 4935 traditam
1168 4877 1258 4946 tuen,
1266 4891 1301 4932 ao
1313 4891 1521 4953 propugnare,
1531 4881 1562 4936 et
1572 4877 1640 4939 11103

396 4474 462 4534 XX.

232 4653 464 4697 concumulata
487 4652 647 4696 ERRORUM

68 4991 165 5056 Dilecto
177 4997 256 5061 Filio
266 4997 377 5059 Nostro
388 4995 499 5057 Joanm·
512 4995 650 5058 simpl-3·
662 4995 821 5058 Laurenti,-
869 4965 964 5026 libros
979 4967 1044 5026 siue
1058 4966 1161 5026 debita
1172 4964 1316 5026 facultate
1324 4964 1438 5043 legere,
1448 4984 1483 5026 ac
1493 4968 1637 5032 retinere.

100 5087 128 5148 in
143 5089 284 5153 viminali
297 5088 469 5170 Presbytero
483 5089 518 5150 S·
539 5089 577 5151 R.
598 5089 641 5151 E·
664 5089 823 5152 Gardt-ml,-
869 5057 971 5136 Aqua
985 5057 1111 5137 qrudem
1124 5057 1318 5134 obedientiae,
1332 5056 1487 5137 debitique
1501 5059 1640 5141 obsequii

870 5150 969 5211 officio
983 5167 1076 5210 nemo
1092 5149 1242 5211 immunis
1259 5155 1422 5230 propterea
1439 5151 1546 5222 videri,
1564 5173 1639 5215 een-

870 5239 990 5318 serique
1011 5245 1141 5320 poterat,
1163 5239 1245 5320 quod
1265 5241 1297 5299 in
1317 5239 1424 5300 eedem
1450 5240 1572 5302 decreto
1591 5243 1639 5304 vel

314 5355 382 5415 pIUS
403 5354 437 5414 p·
460 5353 493 5414 p·
518 5353 569 5416 IX·
870 5331 964 5392 nullae
988 5331 1173 5413 nominatim
1198 5331 1422 5412 propositiones
1444 5337 1637 5415 notarentur,

870 5424 919 5484 vel
932 5423 1019 5485 nulla
1028 5429 1119 5492 certa,
1133 5429 1272 5502 statuque
1285 5423 1485 5484 adhiberetur
1496 5443 1638 5508 censura,

107 5511 207 5576 Dilecte
216 5515 273 5576 Fili
284 5515 405 5590 Noster,
422 5513 560 5574 Salutem
570 5519 601 5574 et
616 5513 821 5593 Apostolieum
872 5517 977 5594 ipsum
990 5517 1073 5576 enim
1084 5535 1140 5596 per
1154 5533 1185 5578 se
1207 5515 1330 5576 valebat
1347 5515 1515 5588 decretum,
1531 5523 1640 5600 nequi

73 5597 311 5669 buain-tionem.
321 5607 581 5666 Eximiaml'uam
591 5605 820 5685 Nobissprepla-
872 5609 929 5667 sibi
942 5609 1096 5686 integrum
1110 5613 1256 5687 punirent
1272 5607 1310 5666 ab
1323 5607 1371 5681 iis,
1388 5625 1457 5685 quaa
1477 5609 1539 5672 Nos
1557 5631 1641 5676 eom·

101 5179 140 5244 De
157 5181 263 5246 Gct'sscl
277 5180 502 5264 Arctr'cpiscopo
519 5179 698 5244 Coloniensi.
