3938 6338
551 409 602 470 DE
621 409 726 472 Leuis
745 411 914 476 Moesus
934 413 1176 480 THEOLOGIAE.
1600 415 1660 476 stu

103 579 159 650 stat,
171 575 194 636 si
207 591 264 636 non
287 572 375 636 iaciat
396 575 480 654 quod
493 565 555 655 'per
573 593 646 640 eum
672 575 775 640 dierat
796 577 839 640 Ia·
928 581 1074 645 LXVIII.
1100 583 1204 646 Potest
1222 584 1291 664 quis
1305 602 1361 663 per
1381 583 1489 662 chum,
1504 583 1587 664 quod
1602 602 1658 664 po-

102 665 232 730 rtandum.
888 679 948 738 test
960 674 1059 737 facere
1072 677 1281 757 perseipsum.

131 758 216 822 XLII.
227 759 434 825 Aeoeasorium
445 764 590 824 naturam
602 761 690 841 sequi
699 763 841 842 congruit
928 769 1043 832 LXIX.
1067 770 1103 832 In
1121 769 1189 832 aIiIs
1201 770 1359 851 promissis
1377 770 1471 832 Iidem
1485 786 1550 832 oon
1564 785 1655 848 expe-

99 850 260 932 priooipalis.
888 860 935 922 dit
947 861 1113 924 observari.

128 943 229 1006 XLIII.
250 942 309 1017 Qui
322 949 413 1021 tacet,
429 944 601 1008 consentire
614 946 747 1010 videtur.
927 953 1028 1014 LXX.
1054 955 1088 1015 In
1101 953 1290 1016 alternativia
1307 953 1452 1015 debitoris
1475 957 1521 1014 est
1534 952 1655 1032 electio,

128 1035 226 1098 XLIV.
247 1035 276 1096 Is
298 1036 353 1116 qui
366 1041 456 1112 tacet,
478 1055 544 1099 non
561 1037 675 1100 fatetur
691 1059 698 1101 :
714 1041 768 1102 sed
781 1059 839 1104 nec
888 1049 918 1105 et
931 1045 1042 1106 sufficit
1055 1047 1189 1108 alterum
1202 1046 1373 1126 adimpleri.

95 1127 183 1206 utiqrm
196 1145 304 1206 negare
317 1129 447 1190 videtur.
926 1138 1041 1198 LXXI.
1065 1139 1123 1212 Qui
1137 1139 1176 1200 ad
1190 1139 1345 1218 agendum
1357 1137 1542 1212 admittitur,
1558 1136 1655 1197 estad

126 1220 210 1280 XLV.
230 1221 411 1300 Inspicimus
438 1223 472 1284 in
500 1221 650 1298 obscuris,
684 1222 768 1300 quod
791 1228 838 1285 est
886 1227 1103 1305 excipiendum
1117 1228 1326 1306 multomagis
1341 1226 1560 1288 admittendus.

93 1312 276 1390 immundius,
295 1314 346 1376 vel
368 1315 451 1394 quod
473 1315 657 1396 plerumque
676 1314 743 1378 [ieri
761 1333 836 1376 eon·
926 1320 1058 1380 LXXII.
1076 1321 1134 1393 Qui
1147 1319 1279 1400 iacitper
1293 1319 1400 1388 alium,
1413 1319 1541 1399 protndc
1553 1322 1655 1394 est,ac

92 1404 184 1466 suerit.
886 1410 1246 1492 sifaciatpersprsum.

123 1497 223 1560 XLVI.
245 1497 355 1578 isqui
377 1499 411 1560 in
425 1499 477 1578 jus
496 1501 632 1562 succedit
645 1500 783 1577 alterius,
799 1519 836 1563 eo
925 1504 1074 1565 LXXIII.
1102 1505 1230 1566 Factum
1258 1504 1395 1584 legitime
1408 1502 1568 1564 retractari
1588 1520 1653 1562 non

87 1589 154 1668 jure,
177 1607 234 1668 quo
246 1589 310 1668 ille,
326 1591 372 1651 uti
386 1591 521 1654 debebit.
885 1592 987 1668 debet,
1002 1593 1073 1654 licat
1094 1611 1182 1654 casus
1194 1599 1301 1673 postea
1323 1593 1454 1668 eveniat,
1477 1611 1496 1654 a
1514 1609 1575 1672 quo
1589 1609 1653 1652 non

121 1683 236 1744 XLVII.
259 1683 462 1746 Praesumitur
475 1684 660 1764 ignorantia,
673 1683 727 1746 ubi
737 1685 835 1746 seien-
885 1685 986 1764 potuit
999 1685 1148 1746 inchoari.

89 1773 124 1836 tia
134 1792 189 1836 non
202 1775 360 1855 probatur.
923 1778 1070 1839 LXXIV.
1097 1779 1185 1851 Quod
1203 1777 1295 1840 alicui
1313 1776 1446 1858 gratiose
1462 1774 1651 1852 conceditur,

120 1868 250 1930 XLVIII.
274 1868 470 1948 Locupletari
502 1887 567 1930 non
603 1869 695 1931 debet
725 1869 836 1950 aliquis
884 1869 966 1930 trahi
980 1869 1147 1932 condebat
1160 1870 1199 1931 ab
1214 1870 1327 1932 aliisIn
1340 1869 1529 1948 exemplum.

89 1975 147 2020 cum
159 1959 278 2022 altarim
292 1961 416 2040 injuria,
434 1961 614 2026 reiectura.
922 1963 1053 2024 LXXV.
1066 1963 1191 2024 Frustra
1204 1962 1264 2024 eibi
1274 1962 1369 2024 fidem
1387 1961 1456 2040 quis
1468 1960 1603 2040 postulat
1613 1959 1653 2020 ab

119 2054 219 2114 XLIX.
242 2055 279 2116 In
293 2052 393 2134 poenia
405 2054 570 2134 benignior
589 2061 636 2118 est
655 2055 836 2136 interpreta-
883 2073 920 2116 eo
935 2056 1061 2129 servari,
1085 2056 1137 2120 eui
1150 2055 1244 2118 iidem
1258 2075 1277 2116 a
1290 2073 1322 2116 se
1345 2055 1513 2135 prestitam
1531 2070 1653 2114 servare

87 2147 122 2208 tio
131 2145 267 2208 iudendo.
882 2154 1011 2210 recusat.

117 2241 148 2304 L.
168 2241 257 2304 Actus
284 2239 413 2318 legitimi
433 2240 644 2304 conditionem
666 2257 731 2302 non
752 2240 833 2302 reci·
923 2242 1067 2306 LXXVI.
1096 2242 1249 2304 Delictum
1263 2257 1403 2319 personae
1422 2255 1486 2300 non
1508 2235 1599 2298 debet
1619 2238 1652 2300 in

87 2332 389 2412 pientnaquedicm.
882 2333 1104 2398 detrimentum
1117 2335 1257 2396 Ecclesiae
1273 2333 1457 2394 redundare.

118 2425 162 2484 LI.
185 2424 285 2485 Semel
306 2425 369 2484 Deo
388 2423 533 2499 dicatum,
554 2443 618 2487 non
639 2430 685 2488 ast
706 2425 746 2486 ad
759 2443 833 2488 risus
921 2429 1084 2490 LXXVII.
1100 2427 1222 2489 Rationi
1235 2425 1387 2504 congruit,
1402 2429 1437 2486 ut
1458 2425 1600 2488 succedat
1618 2426 1651 2488 in

85 2515 219 2580 humanos
228 2517 360 2580 ulterius
373 2516 631 2580 transferendum.
882 2539 988 2592 onere,
1004 2520 1059 2600 qui
1074 2519 1271 2582 substituitur
1285 2519 1318 2578 in
1329 2517 1459 2580 honore.

116 2610 175 2672 LlI.
197 2611 264 2672 Non
279 2613 403 2689 prostat
416 2608 686 2688 impedimentum,
701 2611 786 2690 quod
795 2611 833 2672 dc
921 2613 1099 2674 LXXVIII.
1112 2613 1148 2674 In
1156 2617 1375 2686 argumentum
1388 2609 1468 2671 trahi
1479 2615 1649 2690 nequeunt,

80 2700 209 2778 jurenon
226 2701 355 2764 aortItnr
368 2700 523 2764 effectum.
573 2765 574 2770 ,
881 2709 1104 2784 quapropter
1131 2703 1341 2766 necessitatem
1378 2701 1543 2781 aliquando
1578 2708 1652 2762 sunt

114 2795 190 2856 LIII.
211 2795 268 2856 Cui
282 2795 362 2868 licet,
379 2794 462 2874 quod
479 2800 524 2856 est
543 2794 624 2875 plus,
639 2794 711 2856 licet
726 2795 833 2874 utique
882 2815 1035 2858 concessa.

83 2887 330 2966 quodeatminus.
922 2891 1069 2952 LXXIX.
1092 2889 1189 2950 Nemo
1201 2891 1303 2969 potest
1315 2886 1385 2967 plus
1394 2887 1474 2965 juris
1484 2887 1651 2950 transferre

114 2979 186 3044 LIV.
205 2980 262 3056 Qui
290 2979 375 3060 prior
398 2985 443 3042 est
477 2984 626 3058 tempore,
656 2977 759 3057 potior
787 2994 833 3040 est
880 2988 914 3048 in
923 2984 1030 3058 anum,
1049 2999 1144 3061 quam
1158 2979 1214 3040 sibi
1233 2986 1407 3059 competere
1421 2980 1627 3058 dignoscetur.

79 3069 147 3148 jure.
866 3104 872 3116 ·
920 3077 1050 3139 LXXX.
1074 3075 1110 3136 In
1129 3079 1195 3136 toto
1219 3077 1339 3154 partem
1361 3077 1495 3134 nonest
1519 3071 1650 3134 dubium

113 3165 171 3226 LV.
195 3163 253 3238 Qui
268 3165 362 3226 sentit
375 3181 465 3241 onus,
481 3163 595 3226 sentire
607 3163 697 3224 debet
711 3168 741 3224 et
750 3180 832 3226 rom·
881 3168 1042 3233 contineri.

81 3255 193 3316 modum
209 3275 217 3320 ε
233 3261 265 3318 et
279 3261 396 3333 eonas,
920 3259 1067 3323 LXXXI.
1091 3259 1126 3319 ln
1143 3257 1279 3336 generali
1299 3255 1494 3318 concessione
1512 3273 1578 3316 non
1595 3273 1648 3317 ve-

111 3349 185 3410 LVI.
206 3351 242 3410 In
269 3369 303 3412 re
324 3349 483 3414 communi
506 3349 608 3430 potior
629 3355 674 3412 ast
696 3348 831 3412 conditio
880 3356 972 3416 niunt
985 3372 1032 3428 ea,
1045 3369 1115 3430 quaa
1130 3350 1199 3429 quis
1212 3367 1277 3411 non
1289 3353 1368 3410 esset
1384 3348 1447 3410 veri
1461 3347 1603 3410 similiter
1615 3349 1650 3408 in

79 3440 258 3518 possidentis.
879 3448 979 3527 specie
1004 3459 1214 3506 concessurus.

111 3533 201 3596 LVII.
213 3536 329 3596 Contra
342 3551 426 3608 eum,
441 3535 496 3613 qui
506 3535 607 3614 legem
620 3535 721 3598 dicare
730 3536 831 3616 potuit
919 3537 1079 3599 LXXXII.
1096 3535 1157 3601 Qui
1167 3537 1274 3594 contra
1280 3531 1352 3611 jura
1361 3531 1650 3610 mercatur,bonam

79 3626 208 3703 apertius,
224 3625 364 3688 {emenda
377 3631 423 3688 est
437 3626 661 3707 interpretatio.
879 3632 975 3694 iidem
990 3627 1190 3710 praesumitur
1203 3643 1269 3688 non
1281 3625 1407 3686 habere.

110 3718 216 3780 LVIII.
233 3719 303 3782 Non
317 3725 363 3780 est
376 3719 596 3799 obIIgotorium
611 3727 719 3785 contra
732 3722 830 3786 bonos
919 3721 1101 3784 LXXXIII.
1114 3721 1200 3782 Bona
1212 3717 1289 3778 fides
1298 3735 1362 3780 non
1374 3717 1543 3797 patitur,ut
1554 3715 1650 3780 semel

78 3822 166 3867 mores
178 3807 352 3888 prestitum
361 3808 586 3886 juramentum.
880 3821 1033 3889 exactum,
1048 3815 1163 3876 iterum
1177 3811 1327 3888 exigatur.

109 3899 186 3960 LIX.
201 3899 279 3962 Dolo
291 3899 372 3974 fecit,
398 3901 452 3982 qui
463 3901 551 3981 petit,
569 3903 652 3982 quod
669 3905 830 3968 restituere
919 3908 1095 3969 LXXXIV.
1120 3907 1199 3968 (ium
1215 3903 1290 3982 quid
1312 3919 1375 3962 una
1397 3901 1447 3964 vie
1467 3902 1649 3982 prohibetur
1783 3975 1787 3982 Ι

77 3997 184 4070 ⁰P⁰riet
194 3993 316 4056 eodem·
879 4001 985 4077 alicui,
1001 4000 1040 4060 ad
1054 3997 1086 4060 id
1099 3996 1158 4058 alia
1171 4014 1237 4058 non
1251 3995 1342 4056 debet
1355 3993 1486 4054 admitti.

109 4084 170 4147 LX.
195 4085 265 4148 Non
289 4091 335 4148 est
363 4086 397 4148 in
415 4104 514 4163 mora,
529 4086 584 4165 qui
602 4093 703 4166 potest
721 4107 829 4169 excep·
919 4093 1080 4154 LXXXV.
1094 4092 1275 4152 Contractus
1286 4105 1324 4148 ex
1332 4087 1535 4149 conventione
1547 4087 1649 4166 legem

76 4175 148 4238 tione
160 4177 298 4257 legitima
308 4195 340 4238 se
351 4179 444 4240 tueri.
879 4185 1017 4265 accipere
1033 4184 1264 4262 dignoscuntur.

107 4268 185 4330 LXI.
205 4271 294 4344 Quod
305 4271 486 4347 obgratiam
498 4271 631 4351 aliocujus
639 4273 829 4354 conceditur,
918 4277 1095 4338 LXXXVI.
1114 4277 1282 4347 Damnum,
1304 4271 1388 4350 quod
1406 4271 1475 4350 quis
1490 4288 1546 4332 sua
1559 4271 1650 4354 culpa

75 4375 130 4421 non
143 4362 232 4424 estin
246 4363 313 4441 ejus
324 4363 520 4444 dispendium
534 4365 789 4444 retorquendum.
880 4367 984 4438 sentit,
1000 4365 1058 4426 sibi
1072 4363 1173 4439 debet,
1190 4380 1254 4424 non
1267 4360 1335 4422 aliis
1348 4360 1513 4439 imputare.

108 4453 203 4518 LXII.
226 4455 335 4516 Nullus
360 4456 546 4531 exeonsilio,
563 4457 732 4520 dummodo
746 4457 830 4520 irau-
919 4458 1111 4519 LXXXVII.
1137 4453 1308 4518 infantibus
1332 4458 1429 4533 portae
1445 4471 1510 4516 non
1524 4459 1650 4534 pateant

74 4537 226 4606 dulantum
239 4559 304 4604 non
318 4543 421 4621 fuerit,
438 4544 602 4622 obligatur.
881 4539 1077 4617 dignitatum.

106 4633 218 4697 LXIII,
234 4635 453 4715 &ceptionem
463 4636 622 4714 objiciens,
632 4655 697 4700 non
710 4637 832 4702 videtur
920 4627 1130 4692 LXXXVIII.
1143 4628 1271 4688 Certum
1284 4631 1340 4702 est,
1356 4627 1439 4708 quod
1449 4627 1476 4686 is
1485 4628 1651 4691 committit

73 4719 106 4784 de
117 4723 285 4790 intentione
297 4727 464 4790 mermi
479 4729 627 4794 confiteri,
878 4722 913 4783 in
926 4723 1038 4802 legem,
1054 4719 1107 4802 qui
1119 4719 1195 4798 legis
1206 4717 1301 4780 verba
1315 4719 1532 4800 complectens,
1544 4726 1651 4782 contra

107 4815 216 4880 nxrv.
240 4820 316 4892 oua
330 4824 438 4881 coneo
452 4819 504 4898 με
517 4819 608 4899 fiunt,
623 4821 829 4884 debentuoi-
880 4812 957 4893 leais
970 4813 1080 4874 nititur
1088 4811 1291 4872 voluntatem.

73 4921 190 4986 qoepro
203 4911 321 4972 inseetis
333 4910 453 4972 haberi,
920 4908 1033 4967 Datum
1044 4906 1149 4966 Rornae
1159 4903 1243 4986 apud
1255 4905 1285 4966 S.
1301 4905 1438 4980 Petrum,
1453 4904 1651 4968 Ponuficatus

105 4999 200 5064 LXV.
218 5003 253 5064 In
266 5003 334 5083 pari
346 5003 469 5080 delicto,
484 5003 534 5066 vel
547 5021 664 5082 causae,
675 5007 776 5086 potior
786 5013 832 5070 eat
880 4997 978 5058 1¹⁰⁵V'i
989 5015 1073 5058 ΜΟ
1087 5001 1207 5076 qum·

73 5091 199 5154 conditio
211 5095 402 5174 possidentia.
1206 5129 1225 5210 ἓ
1254 5131 1301 5191 111

105 5183 218 5246 LXVI.
236 5187 314 5250 Cum
331 5205 397 5250 noo
414 5193 548 5270 statper
570 5208 654 5268 eum,
676 5193 830 5273 adquam
1228 5177 1234 5192 ¹
1307 5177 1313 5191 ⁸

71 5275 207 5353 pertinet,
216 5280 382 5358 quominus
391 5281 527 5344 conditio
537 5283 713 5363 impleatur,
722 5286 832 5352 haberi

71 5364 155 5428 debet
168 5371 306 5450 perinde,
320 5389 355 5436 aa
369 5375 394 5434 si
411 5374 540 5453 impleta
552 5377 670 5439 fuisset.
921 5383 999 5444 Illud
1021 5382 1091 5444 heic
1108 5380 1245 5460 primum
1264 5378 1357 5440 officii
1380 5380 1477 5440 nosti
1500 5385 1590 5456 asset,
1614 5385 1650 5441 ut

107 5458 230 5524 LXLII.
245 5465 336 5530 Quod
348 5465 439 5528 alicui
455 5485 512 5530 suo
525 5487 589 5533 non
603 5469 673 5534 licet
690 5475 828 5547 nomine,
879 5493 949 5554 qua
962 5475 1002 5538 ad
1020 5473 1179 5536 citationes
1195 5471 1302 5550 legum
1318 5472 1484 5551 pertinent,
1500 5472 1650 5534 describe-

73 5565 124 5611 nec
133 5551 233 5615 abeno
244 5556 356 5619 licebit.
880 5583 995 5630 remus.
1011 5568 1050 5628 At
1064 5563 1215 5626 Lacroix
1229 5564 1260 5626 id
1273 5563 1393 5626 dudum
1404 5563 1533 5626 tradidit
1545 5563 1598 5626 tit.
1616 5567 1644 5628 t.

901 5253 1009 5316 Druse
1022 5251 1175 5334 utriusque
1184 5250 1270 5332 jeria
1285 5249 1318 5310 in
1332 5249 1444 5312 Moroli
1461 5249 1626 5334 Theolopt‘o.
