4200 6348
607 459 657 520 llE
677 457 782 520 touls
804 457 971 522 Monstra
992 457 1233 520 THEOLOGlAE.
1677 461 1710 520 ll

143 627 404 708 quemadNospro
413 626 897 708 pastoralimunercsuscipieudo
946 623 1713 706 pimus;quietsynodumuniversereprobandam,

142 721 323 782 mmdentcm
328 721 612 800 paternacharitate
618 719 895 799 complexisumus;
948 726 978 780 et
992 719 1142 799 plurimes
1155 717 1226 779 inde
1240 718 1380 779 collectas
1393 717 1627 798 propositiones,
1639 718 1716 781 elias

141 814 191 892 qui
209 813 337 876 nemim
362 814 468 890 Nobis,
497 820 588 893 atque
611 813 684 874 huic
716 812 897 892 Apostolicoe
948 812 1074 893 quidem
1096 830 1151 892 per
1171 829 1247 886 sese,
1269 812 1344 872 alias
1362 815 1478 872 attenta
1491 816 1716 878 sententiarum

140 906 241 966 Sediin
254 907 320 986 ipso
335 925 504 968 sacraesuae
517 906 720 968 ordinationis
735 906 798 965 ritu
811 904 897 965 debi·
948 903 1139 966 connexione
1168 905 1237 983 plus
1259 906 1400 964 minusve
1433 903 1553 964 acribus
1581 905 1716 965 censuris

138 1002 196 1058 tam
217 998 308 1060 fidem
334 1005 365 1060 et
392 1000 599 1060 obedientiam
624 999 755 1060 solemni
769 997 897 1076 jurisju·
948 997 1198 1078 perstringendos
1221 1002 1426 1072 censuerunt3
1451 1014 1586 1076 quorum
1605 997 1716 1058 auditis

140 1091 221 1152 randi
230 1092 379 1170 religione
400 1092 576 1154 obstrinxit.
607 1095 704 1172 Atque
718 1091 820 1172 isipse
834 1109 896 1150 nou
948 1091 1182 1170 perspensisque
1204 1091 1533 1165 usrimadversionibuS,
1552 1091 1629 1151 illud
1643 1109 1718 1172 quo·

138 1181 223 1262 longo
254 1185 417 1246 intervallo
447 1191 647 1266 posteaquam
680 1202 700 1245 ι
734 1183 898 1263 complexu
948 1201 1008 1262 quc
1023 1182 1117 1244 Nobis
1131 1183 1291 1256 ιιιιιιιιιιι,
1304 1183 1458 1244 utselectn
1472 1184 1716 1262 extotasynodo

137 1276 239 1338 Nostro
259 1295 331 1338 cum
354 1279 458 1340 osculo
481 1279 564 1358 pacis
584 1278 741 1352 dimissus,
760 1278 800 1338 ad
814 1295 899 1338 com·
947 1277 1102 1356 praecipua
1133 1277 1275 1356 quaedam
1310 1292 1476 1356 pravarum
1505 1275 1716 1336 doctrinarum

136 1367 237 1430 missus
261 1370 321 1432 sibi
341 1371 448 1450 plebes
476 1371 621 1446 accessit,
648 1374 897 1432 emacervatorum
948 1369 1058 1448 capita,
1073 1369 1110 1429 ad
1126 1387 1195 1448 quae
1205 1368 1399 1448 potissimum
1408 1368 1483 1430 lusis
1494 1386 1550 1447 per
1560 1369 1716 1448 synodum

134 1479 279 1540 perversa
302 1465 460 1543 sapienties
486 1465 705 1543 magistrorum
739 1463 898 1524 fraudibus
948 1461 1150 1540 reprobandae
1179 1462 1339 1522 sententiae
1366 1463 1478 1522 directe
1501 1461 1550 1521 vel
1568 1461 1716 1522 indirecte
1832 1463 1835 1474 '

133 1553 366 1632 circumventus,
393 1575 428 1617 eo
448 1555 540 1636 coepit
562 1556 734 1632 intendere,
755 1561 898 1634 utquam
948 1554 1135 1627 referuntur,
1149 1555 1183 1615 in
1197 1560 1316 1616 certum
1330 1553 1472 1634 deinceps
1486 1554 1626 1615 ordinem
1635 1556 1715 1615 redi·

134 1647 302 1726 superiores
323 1649 475 1710 antistites
502 1667 541 1709 ex
565 1648 765 1710 ecclesiastica
790 1647 898 1726 regula
947 1653 1106 1725 gerentur,
1133 1648 1309 1726 eisdemque
1337 1665 1394 1706 sua
1418 1647 1529 1725 cuique
1553 1647 1716 1727 peculiaris

134 1739 324 1817 laudabilem,
357 1747 388 1803 et
414 1747 553 1821 pacatam
579 1741 754 1803 christianae
774 1741 897 1802 institu-
949 1757 1078 1800 censura
1088 1739 1299 1818 subjiceretur.

134 1831 222 1894 tionis
234 1833 438 1912 formamjam
444 1835 511 1913 jam
525 1835 646 1914 pridem
658 1835 850 1906 invexerant,
862 1851 898 1896 ac
987 1833 1005 1912 5
1018 1833 1048 1892 6.
1066 1834 1109 1893 Ne
1123 1851 1196 1893 vero
1211 1851 1250 1894 ex
1263 1833 1321 1894 hac
1334 1833 1399 1912 ipsa
1413 1832 1536 1893 temetsi
1555 1835 1717 1895 accuratis-

135 1943 208 2002 pene
221 1925 401 2002 defixerant,
423 1945 488 1988 non
511 1927 563 1988 ille
582 1945 638 2006 pro
653 1945 690 1988 eo
703 1946 739 1988 ac
752 1926 895 2004 debebat,
948 1924 1025 1985 sime
1052 1931 1174 2004 peracta
1201 1927 1264 1986 sive
1289 1925 1429 1986 locorum
1459 1925 1630 2003 collatione,
1652 1927 1715 1988 sive

134 2021 277 2094 tueretur,
297 2018 420 2092 coleret,
446 2019 616 2098 perliceret,
638 2020 691 2080 sed
716 2025 824 2080 contra
842 2037 897 2098 per
948 2019 1171 2079 sententiarum
1189 2018 1411 2097 disquisitione,
1428 2019 1604 2097 pervivaces
1617 2019 1716 2080 homi-

135 2109 260 2188 speciem
273 2110 353 2172 fictae
363 2111 591 2174 reformationis
604 2112 789 2191 importunis
803 2112 894 2172 indu·
948 2129 1003 2172 nes
1025 2111 1216 2172 obtrectandi
1246 2110 1437 2170 occasionem
1464 2112 1636 2192 arriperent
1649 2156 1657 2184 ,
1680 2118 1716 2173 ut

137 2201 233 2262 cendia
253 2203 440 2265 novitatibus
468 2204 674 2284 perturbaret,
696 2204 893 2280 convelleret,
947 2203 1020 2265 huic
1046 2203 1124 2265 forte
1155 2203 1222 2282 jam
1249 2208 1364 2284 paratae
1396 2203 1558 2265 calumniae
1593 2205 1716 2268 obviam

138 2292 435 2358 tunditusevcrteret.
947 2297 1055 2374 iretur,
1077 2297 1207 2377 sapienti
1227 2297 1355 2358 consilio
1375 2296 1422 2356 uti
1441 2297 1615 2375 statuimus,
1631 2299 1714 2378 quod

172 2386 228 2464 §b
243 2388 323 2462 Quin
344 2389 438 2450 edam
457 2407 530 2450 cum
549 2394 580 2450 et
592 2390 718 2450 hortatu
732 2390 842 2452 Nostro
856 2391 895 2451 ad
947 2391 980 2450 in
1005 2391 1233 2469 emergentibus
1259 2389 1437 2469 hujusmodi
1456 2391 1640 2468 periculosis
1658 2411 1714 2454 ιιο-1

141 2480 282 2557 synodum
304 2481 512 2543 dioecesanum
533 2483 675 2543 animum
693 2483 892 2562 adjunxisset,
947 2482 1045 2544 xiisve
1068 2482 1254 2544 novitatibus
1274 2481 1478 2562 reprimendis
1495 2482 1599 2562 plures
1614 2485 1716 2547 Nostri

142 2571 287 2648 promota
298 2573 365 2652 ejus
377 2575 410 2636 in
424 2593 480 2636 suo
502 2593 594 2636 sensu
615 2575 783 2656 pertinacia
805 2575 894 2636 effec—
947 2575 1128 2636 sanctissimi
1143 2575 1390 2655 predecessores,
1405 2579 1474 2635 tum
1493 2579 1524 2635 et
1542 2577 1715 2654 gravissimi

143 2667 200 2724 tum
211 2670 297 2727 estut
310 2668 393 2728 unde
404 2667 578 2728 remedium
592 2668 717 2746 aliquod
729 2667 895 2729 vulnerum
946 2669 1115 2740 antistites,
1147 2685 1182 2728 ac
1214 2666 1372 2743 generales
1399 2667 1493 2726 ctiam
1518 2669 1630 2747 synodi
1656 2672 1714 2731 rite

143 2758 294 2832 petendum
309 2765 385 2834 erat,
397 2761 468 2820 inde
478 2763 601 2840 gravior
612 2760 764 2840 pernicies
775 2779 896 2822 enasce-
946 2767 1094 2840 cauteque
1105 2759 1289 2835 adhibitum,
1308 2758 1478 2820 illustribus
1491 2762 1640 2841 exemplis
1652 2769 1713 2825 tes·

143 2853 227 2910 ιιιιιιι.
253 2853 332 2912 Sane
360 2858 525 2931 postquam
551 2853 688 2932 synodus
710 2853 776 2913 baec
803 2854 896 2915 Pisto·
945 2859 1045 2914 tatum
1059 2852 1371 2929 commendatumque
1380 2851 1584 2931 reliquissent.
1598 2856 1715 2918 Norant

144 2940 237 3002 ricmis
249 2963 265 3002 e
278 2944 402 3006 latebris
416 2945 529 3024 erupit,
545 2947 578 3006 in
591 2945 705 3024 quibus
716 2945 895 3026 aliquandiu
946 2947 991 3006 illi
1004 2951 1160 3006 versutam
1183 2949 1369 3004 novatorum
1388 2944 1513 3004 tollendi
1535 2956 1645 3022 artem,
1662 2952 1715 3028 qui

144 3031 233 3094 abdita
246 3036 375 3113 delituit,
387 3055 480 3098 nemo
493 3039 551 3097 fuit
566 3039 603 3098 de
618 3039 895 3117 summarcligioue
946 3039 1166 3100 catholicarum
1180 3038 1304 3098 aurium
1317 3036 1519 3098 ostensionem
1532 3040 1632 3117 veriti,
1647 3061 1714 3122 cap·

145 3124 185 3202 pic
196 3127 404 3208 sapienterque
432 3131 578 3206 sentiens,
603 3131 657 3209 qni
671 3148 735 3191 non
749 3132 896 3193 continuo
946 3133 1068 3193 tionum
1082 3147 1209 3192 suarum
1222 3130 1348 3208 laqueos
1361 3147 1498 3209 persaepe
1510 3133 1634 3194 student
1644 3133 1714 3194 sub·

145 3217 291 3280 adverterit
312 3222 370 3283 hoc
388 3223 481 3284 fuisse
495 3228 659 3284 auctorum
672 3223 847 3294 consilium,
861 3230 897 3284 ut
946 3223 1024 3285 dolis
1037 3223 1203 3285 verborum
1220 3223 1386 3282 involucris
1401 3223 1555 3301 obtegere,
1581 3233 1617 3286 ut
1635 3227 1715 3288 inter

145 3326 203 3388 qua
215 3319 301 3374 ιιιιιι
322 3333 378 3394 per
396 3316 580 3395 multiplices
598 3315 718 3376 libellos
729 3334 896 3395 pravarum
945 3317 1283 3378 discriminasensuum
1294 3315 1393 3376 lateus
1400 3333 1486 3376 error
1495 3317 1595 3378 lenius
1604 3320 1715 3380 inlluat

144 3400 338 3467 doctrinarum
350 3408 469 3468 semina
482 3412 668 3488 sparserant,
693 3425 730 3468 ea
743 3409 776 3468 in
796 3428 896 3470 unum
946 3409 979 3468 in
991 3410 1121 3484 animos,
1141 3408 1257 3486 fiatque
1279 3413 1313 3466 ut
1336 3414 1480 3486 corrupta
1502 3426 1557 3486 per
1570 3410 1713 3473 brevissi-

144 3494 895 3584 velutcorpuseompingerent,proscriptosdudum
946 3501 1714 3580 mamadjectioncmautcommutationemveritate

144 3591 691 3671 erroresexsuscitarent„bpostolicis,
703 3593 816 3672 quihus
827 3613 896 3674 pro
946 3595 1117 3670 sententiae,
1134 3593 1281 3654 confessio
1293 3611 1362 3672 quae
1378 3593 1507 3654 salutem
1517 3596 1712 3675 operabatur,

143 3680 235 3761 scripti
257 3690 336 3758 sunt,
365 3683 495 3745 decretis
512 3684 607 3744 fidem
621 3686 895 3765 auctoritatemque
947 3687 1052 3748 subtili
1074 3688 1209 3766 quodam
1237 3686 1369 3746 transitu
1391 3693 1498 3766 verget
1516 3688 1549 3748 in
1568 3696 1710 3754 mortem

143 3771 320 3854 derogarem.
947 3779 1265 3886 Atquehaecquidem
1280 3778 1428 3854 involuta,
1441 3777 1714 3846 lullaxdisserendi

174 3865 231 3944 §b
174 3865 317 3944 §Quas
342 3886 415 3930 eum
438 3887 646 3946 cerneremus,
673 3888 736 3949 quo
752 3872 896 3950 graviora
946 3875 1036 3948 ratio,
1061 3891 1132 3934 eum
1155 3873 1189 3932 in
1213 3871 1300 3932 omni
1314 3876 1381 3931 orat
1381 3870 1462 3931 ionis
1479 3890 1592 3950 genere
1605 3876 1714 3939 vitiosa

140 3964 481 4039 minianenses
473 3963 897 4042 impensinspastoralisNos
947 3971 1003 4042 est,
1017 3966 1130 4026 tumiu
1145 3965 1263 4044 synodo
1277 3963 1406 4024 minime
1420 3963 1546 4026 ferenda
1550 3968 1715 4047 ,cujusest

140 4054 188 4112 tra
207 4053 416 4116 sollicitudinis
437 4073 529 4136 opem
552 4055 732 4134 efflagitare,
758 4062 896 4118 mentem
946 4058 1013 4119 haec
1035 4059 1102 4118 leus
1124 4058 1290 4136 precipua,
1315 4074 1384 4116 enm
1407 4057 1713 4123 indoeeudodiluci-

63 4160 64 4164 ’
139 4151 305 4208 convertere
328 4163 392 4208 nou
418 4147 594 4208 distulimus
621 4149 661 4210 ud
688 4166 724 4209 ea
749 4149 898 4228 capienda
947 4152 1020 4213 dam
1030 4150 1199 4213 consectari
1208 4149 1329 4210 dicendi
1342 4149 1583 4230 rationemque
1593 4155 1715 4216 nullum

136 4237 264 4314 masilia,
280 4258 350 4319 qnae
365 4241 505 4319 surgenti
525 4241 606 4301 mulo
621 4240 669 4301 vel
683 4243 833 4310 sanando,
848 4243 898 4304 vel
947 4245 1125 4306 offensionis
1152 4241 1325 4323 periculum
1347 4242 1511 4322 relinquat.
1535 4244 1600 4318 Quo
1619 4247 1652 4307 in
1667 4264 1715 4324 ge

137 4333 360 4410 comprimendo
393 4334 673 4394 accommodatiora
706 4333 895 4396 viderentur.
947 4356 1021 4398 nere
1029 4337 1434 4418 proindesiquidpeecatum
1443 4336 1493 4412 sit,
1502 4337 1560 4398 bac
1569 4347 1714 4419 nequeat,

136 4421 229 4502 Atque
253 4426 286 4485 in
305 4425 413 4505 primis
439 4426 585 4507 sapientis
610 4427 721 4488 moniti
746 4445 898 4489 memores
947 4449 1017 4510 quae
1027 4429 1131 4491 afferri
1140 4429 1227 4504 solet,
1236 4428 1365 4489 subdola
1374 4429 1568 4491 excusatione
1579 4432 1712 4509 defendi,

137 4519 360 4591 predecessoris
395 4519 498 4578 Nostri
529 4520 563 4579 B.
596 4515 741 4588 Zosimi¹,
776 4539 809 4580 ec
831 4539 898 4601 quoe
947 4523 1030 4603 quod
1044 4541 1115 4602 quae
1130 4521 1245 4582 alicubi
1258 4521 1365 4581 durius
1386 4521 1466 4581 dicta
1486 4523 1664 4604 exciderint,
1681 4545 1716 4588 ea

42 4659 44 4666 ,
137 4623 236 4686 sucprm
257 4617 325 4670 sunt
351 4629 491 4691 empnam
501 4609 617 4691 pondus
636 4611 780 4672 recensitis
792 4611 899 4673 deside·
947 4616 1021 4678 locis
1035 4616 1102 4676 aliis
1111 4615 1234 4694 planius
1242 4613 1466 4693 explicata‚aut
1474 4615 1568 4676 etiem
1581 4625 1717 4680 correcta

139 4715 211 4774 tare,
233 4703 390 4781 synodum
408 4702 446 4763 ab
467 4704 609 4782 episcopo
633 4703 747 4764 editam
761 4705 899 4783 primum
947 4708 1161 4786 reperiantur:
1177 4706 1264 4786 quasi
1278 4723 1392 4784 procax
1404 4705 1512 4768 isthaec
1529 4706 1715 4788 affirmandi,

137 4797 265 4866 quatuor
285 4795 443 4874 episcopis,
469 4796 597 4875 aliisque
611 4795 796 4874 adjunctise
817 4797 898 4858 clero
948 4804 980 4860 et
997 4799 1143 4878 negandi,
1168 4818 1204 4860 ao
1228 4815 1333 4859 secum
1358 4816 1415 4877 pro
1441 4798 1528 4860 libito
1556 4805 1717 4882 pugnandi

42 4945 43 4950 ,
135 4883 895 4964 mutaritheologiseramiuandamcommisimus,
947 4892 1080 4968 licentia,
1102 4909 1173 4971 quse
1193 4890 1390 4952 barrdulenta
1407 4909 1528 4971 semper
1550 4894 1609 4955 luit
1627 4914 1718 4958 nova-

136 4973 206 5032 tum
229 4980 260 5034 et
278 4977 416 5080 plurium
438 4979 469 5040 S.
483 4981 519 5041 R.
535 4982 569 5040 E.
590 4981 804 5053 cardinalium,
820 4981 898 5042 alio-
947 4989 1051 5045 torum
1072 4983 1185 5044 astutia
1207 4983 1246 5043 ad
1274 4983 1569 5046 circumventionem
1593 4990 1715 5066 erroris,

42 5064 44 5095 ”
136 5077 271 5143 lusuque
284 5068 494 5148 episcoporum
511 5073 782 5152 congregationem
802 5074 898 5154 depu-
948 5095 1012 5136 non
1035 5077 1138 5156 potius
1161 5077 1200 5137 ad
1222 5075 1429 5155 prodendum,
1454 5095 1549 5155 quam
1572 5079 1610 5138 ad
1625 5099 1717 5141 excu-

141 5155 276 5216 tavimus
279 5159 515 5236 ,quitatamaet
515 5165 900 5245 orumseriemdiligcnter
948 5169 1080 5228 sendum
1102 5186 1240 5229 errorem
1264 5168 1395 5230 valeret:
1419 5175 1473 5230 aut
1491 5189 1579 5249 qnasi
1570 5171 1719 5234 rudibus

148 5247 379 5324 perpenderent,
395 5250 478 5313 loca'
470 5263 589 5317 mterse
599 5257 703 5318 dissita
712 5257 898 5334 conferrent
949 5261 1132 5339 prasertim,
1148 5262 1199 5340 qui
1210 5261 1243 5321 in
1256 5261 1338 5322 hanc
1352 5263 1499 5323 velillum
1513 5263 1590 5323 torte
1606 5264 1719 5327 incide-

150 5343 302 5414 excerptas
315 5345 476 5405 sententias
487 5349 682 5428 discuterent,
694 5368 828 5430 quorum
842 5351 901 5411 sui-
950 5353 1013 5413 rint
1035 5359 1154 5433 partem
1176 5352 1286 5432 synodi
1311 5353 1431 5434 vulgari
1449 5353 1555 5433 lingua
1573 5357 1719 5418 omuibus

156 5421 361 5502 hemacorum
372 5433 538 5502 Nobisvoce
552 5448 582 5502 et
595 5443 708 5523 scripto
722 5445 804 5506 edita
817 5463 903 5506 exce·
951 5445 1108 5525 exposita,
1138 5449 1250 5524 praesto
1278 5463 1401 5525 semper
1425 5451 1526 5507 esseut
1549 5445 1619 5522 alia,
1647 5465 1718 5528 quat

197 5609 229 5675 ¹l
245 5613 350 5678 idve,
364 5633 402 5683 er-
417 5634 443 5686 u.
455 5631 515 5692 ιριι
529 5631 610 5685 cnse.
985 5634 1018 5703 (ιι
1036 5636 1063 5690 s.
1079 5637 1162 5689 seon
1176 5638 1378 5702 ancirana.
1395 5637 1487 5690 sarm.
1528 5693 1530 5700 ,
