4200 6348
454 407 492 464 36

453 575 547 654 piam,
557 572 778 652 blasphemam,
790 572 985 633 anathemate
1000 572 1220 646 damnandam,

454 673 485 727 et
497 666 674 727 haereticam
695 666 896 739 declaramus,
915 671 946 725 et
965 665 1011 725 uti
1025 665 1120 725 talem
1135 665 1222 726 dam-

454 777 576 820 namus.

494 851 678 925 Secundam,
694 851 836 912 Interibri
852 850 962 930 pratia
974 850 1006 910 in
1018 857 1097 910 statu
1109 856 1225 908 naturae

453 945 553 1026 lapsae,
572 963 722 1025 nimquam
737 943 895 1003 resistitur
912 943 1114 1004 :hereticam
1128 941 1224 1001 decla-

455 1057 570 1114 ramus,
587 1043 618 1098 et
629 1039 675 1098 uti
689 1037 782 1098 talem
796 1037 991 1096 damnamus.

494 1131 641 1207 Tertiam,
671 1129 721 1191 Ad
736 1127 900 1190 merendam
922 1137 949 1190 et
970 1127 1173 1189 deenerendani
1194 1129 1224 1189 ia

453 1231 530 1285 statu
544 1233 659 1284 natura
681 1222 781 1303 lapsae,
802 1241 858 1282 non
876 1222 1045 1302 requiritur
1067 1220 1226 1283 intromitte

457 1316 574 1377 libertas
600 1337 618 1376 a
646 1316 817 1390 necessitate,
848 1314 897 1375 sed
923 1313 1037 1395 suffieit
1065 1313 1224 1374 libertasa

454 1411 595 1470 eoactihne
609 1429 620 1471 ,·
633 1409 810 1470 haereticam
824 1409 1063 1484 declaramus,et
1076 1410 1122 1467 uti
1131 1408 1223 1468 talem

455 1505 651 1565 damnamus.

496 1598 652 1672 Quartam,
671 1593 900 1675 Semipelapiani
909 1592 1100 1654 admittebant
1112 1611 1225 1674 preate-

456 1689 564 1750 nientis
577 1688 685 1770 pratia
699 1687 850 1748 interioris
864 1691 1057 1748 neccessitatem
1076 1685 1116 1747 ad
1128 1686 1227 1766 sinpo-

457 1783 499 1843 los
508 1788 600 1858 aetna,
611 1781 700 1842 etiarn
709 1779 749 1840 ad
758 1780 878 1840 initiam
892 1779 966 1860 fidei
977 1799 988 1840 .·
999 1787 1026 1839 et
1040 1779 1071 1838 in
1081 1778 1226 1840 lacerent

457 1874 602 1950 baeretici,
618 1873 695 1956 qaod
709 1873 815 1934 vellent
829 1891 893 1932 eam
908 1871 1037 1952 pratiam
1055 1871 1142 1934 talam
1157 1891 1224 1949 esse,

458 1968 508 2028 eui
517 1977 611 2048 posset
627 1966 753 2028 humana
772 1965 905 2026 voluntas
920 1965 1051 2026 0001010νο
1065 1964 1110 2026 oei
1124 1965 1227 2026 obtem-

452 2078 559 2140 perare
578 2059 720 2134 :falsam,
736 2064 767 2119 et
784 2059 960 2119 hereticam
974 2057 1175 2132 declaramus,
1197 2063 1228 2118 01

458 2153 505 2212 uti
519 2153 613 2212 talem
628 2153 823 2213 damnamus.
1180 2141 1181 2144 ¹

499 2246 656 2320 Quintam,
669 2244 941 2326 Semipelapianum
957 2252 996 2304 est
1009 2243 1112 2318 1110010,
1125 2243 1228 2308 Chris-

459 2343 588 2419 1011110
611 2337 739 2398 omnibus
757 2337 873 2398 omnino
896 2336 1063 2396 hominibus
1083 2345 1227 2398 mortuum

459 2449 526 2500 essa,
552 2438 605 2490 ant
619 2431 788 2511 sanquinem
806 2427 935 2510 fudisse:
959 2428 1077 2506 falsam,
1098 2435 1228 2492 temera-

458 2525 549 2600 riam,
568 2525 790 2598 scandalosam,
814 2528 843 2582 et
862 2521 1047 2582 intellectam
1066 2541 1102 2583 eo
1123 2541 1226 2600 seusu,

459 2621 495 2676 ut
509 2617 645 2678 Christus
666 2634 722 2696 pro
743 2615 841 2676 salute
859 2616 1010 2676 duntaxat
1029 2616 1227 2694 praedestina-

459 2715 565 2770 torum
591 2716 733 2770 mortuus
760 2708 810 2784 sit,
834 2708 973 2788 impiam,
1003 2708 1226 2788 blasphemam,

460 2802 724 2872 contumehosam,
749 2800 863 2860 divinae
889 2799 993 2880 pietati
1014 2801 1226 2879 derogantem,

461 2899 492 2954 et
510 2894 687 2954 haereticam
707 2891 908 2968 declaramus,
925 2898 955 2954 et
974 2893 1019 2952 uti
1034 2893 1128 2954 talem
1142 2894 1229 2954 dam-

462 3005 584 3047 namus.

502 3081 684 3141 blandamns
697 3079 792 3158 igitur
806 3077 951 3139 omuibus
965 3078 1076 3139 Christi
1089 3079 1231 3140 fidelibus

461 3173 623 3252 utriusque
637 3190 738 3248 sesua,
755 3189 794 3231 ne
813 3171 851 3231 de
870 3171 957 3231 dictis
970 3173 1230 3252 propositionibus

461 3265 586 3340 sentire,
604 3266 723 3340 docere,
739 3264 916 3344 praedicare,
926 3265 1013 3325 aliter
1027 3274 1226 3344 presumant,

448 3377 556 3438 ‚quam
579 3359 611 3419 in
626 3360 684 3419 hae
700 3358 843 3437 prasenti
857 3364 962 3418 nostra
975 3359 1178 3420 declaratione
1199 3367 1230 3422 01

461 3451 639 3512 defiuitione
654 3451 838 3526 continetur,
855 3451 911 3510 suh
925 3451 1064 3512 censuris
1083 3462 1113 3512 et
1131 3454 1230 3532 poenis

461 3551 568 3606 contra
594 3545 756 3606 hereticos
769 3551 799 3605 et
825 3562 934 3605 eorum
958 3545 1092 3606 fautores
1110 3547 1230 3624 injure

462 3637 622 3717 expressis.

502 3731 701 3810 Pracipimus
727 3729 842 3809 pariter
865 3731 1009 3792 omnibus
1037 3732 1229 3810 patriarchis,

461 3823 715 3904 Archiepiscopis,
747 3824 912 3902 Episcopis,
940 3825 1069 3904 aliisque
1092 3826 1231 3886 locorum

462 3917 640 3992 Ordinariis,
658 3935 715 3976 nec
730 3935 793 3976 non
803 3916 954 3976 haeretieae
964 3919 1121 3996 pravitatis
1131 3920 1233 3999 lnqui-

461 4009 615 4086 sitoribus,
632 4015 667 4069 ut
683 4009 924 4070 contradictores
942 4015 973 4070 et
992 4011 1120 4072 rebelles
1138 4031 1231 4092 1100-

462 4120 595 4181 cumque
623 4121 678 4181 per
702 4121 844 4162 censuras
877 4107 907 4162 et
936 4121 1044 4182 poenas
1071 4106 1232 4182 praedietas

462 4201 632 4275 caeteraque
648 4195 726 4272 juris
742 4199 772 4254 et
792 4195 863 4255 laeti
883 4196 1018 4256 remedia
1044 4202 1230 4277 opportuna,

462 4288 604 4348 invocato
617 4287 710 4347 etiam
723 4287 763 4346 ad
781 4288 850 4362 hoc,
866 4287 891 4347 si
905 4306 983 4367 opus
997 4288 1100 4368 tuerit,
1117 4291 1232 4352 auxilio

462 4380 580 4441 brachii
599 4379 761 4455 saecrrlaris,
773 4379 900 4440 omnino
915 4387 1078 4442 coerceant
1096 4389 1127 4444 et
1147 4402 1231 4444 eom-

463 4479 599 4552 pescant.

503 4567 576 4626 Non
593 4565 789 4626 intendentes
806 4569 912 4625 tamen
933 4584 988 4645 per
1009 4567 1088 4628 hane
1101 4569 1234 4630 declara·

463 4659 581 4718 tionem
593 4663 624 4718 et
635 4657 846 4717 definitionem
867 4677 959 4738 super
974 4661 1128 4739 praedictis
1140 4663 1232 4742 quin-

463 4770 524 4830 que
546 4750 805 4830 Propositienibus
827 4751 949 4828 laetam,
972 4754 1143 4833 approbare
1158 4757 1234 4817 ulla-

463 4849 554 4904 tenus
581 4843 656 4903 alias
682 4843 853 4922 opiniones,
883 4863 952 4923 110
975 4848 1174 4910 continentur
1200 4850 1234 4909 in

464 4937 609 5016 praedicto
619 4935 697 4996 libro
710 4936 841 4996 Cornelii
854 4938 1003 4999 lansenii.

504 5031 616 5089 Datum
631 5029 747 5106 Romae,
764 5031 846 5108 apud
868 5031 1011 5092 Sanctam
1026 5032 1155 5095 Mariam
1170 5036 1233 5095 hla-

461 5122 573 5202 jorem,
594 5139 677 5182 anno
703 5122 926 5183 lucarnationis
949 5124 1118 5187 [lominica
1145 5129 1232 5205 1625,

465 5215 562 5297 pridie
570 5214 721 5276 Kalendas
732 5213 824 5292 junii,
836 5215 1033 5277 Pontificatus
1044 5219 1141 5280 nostri
1150 5237 1233 5281 anno

465 5325 560 5370 nono.

564 5400 619 5463 Hi.
630 5399 785 5468 Datan'ns.
903 5391 905 5394 ’

844 5495 877 5555 Ρ.
898 5495 1083 5558 Gualterius.

924 5589 956 5648 P.
983 5589 1172 5670 Ciampinus.

1062 406 1175 466 LIBER
1198 403 1431 466 PRODROMUS

1627 661 1678 720 tv.

1358 873 1684 959 lNNOCENTll
1726 872 1887 958 PAPAE
1928 872 1964 956 ll

1521 1089 1781 1162 DECRETUM.

1274 1275 1413 1332 Adversus
1438 1275 1520 1332 libros
1539 1276 1717 1333 continentes
1742 1273 1969 1346 Propositionem,
1985 1291 2028 1345 qua

1299 1361 1431 1416 asseritur
1448 1361 1591 1432 aequalitas
1604 1362 1769 1418 Sanctorum
1784 1360 1867 1415 Parin
1882 1369 1910 1416 et
1928 1358 2009 1414 Prin.

1275 1519 1366 1582 Faria
1384 1521 1418 1583 V.
1433 1520 1480 1582 die
1496 1525 1534 1586 99
1547 1521 1691 1584 ianuarii
1709 1523 1797 1583 tott.
1819 1519 1859 1582 In
1876 1519 2028 1602 Concrepu-

1315 1614 1393 1676 tione
1415 1613 1554 1678 Generali
1575 1615 1609 1678 S.
1640 1617 1780 1680 Romana·
1805 1621 1834 1674 et
1867 1611 2031 1674 Universatis

1314 1706 1530 1788 inquisitionis,
1550 1717 1602 1770 ete.

1316 1869 1422 1930 Editus
1437 1875 1482 1930 est
1495 1888 1578 1931 0110
1588 1872 1676 1947 idid,
1687 1869 1766 1932 liber
1774 1869 1893 1932 Gallico
1905 1869 2031 1930 idiomate

1275 1963 1451 2042 impressus,
1487 1964 1537 2024 eni
1568 1965 1678 2025 titulus
1706 1982 1713 2025 :
1747 1963 1792 2025 De
1825 1963 1978 2024 l'autan'te
2006 1959 2031 2022 da

1276 2055 1309 2116 S.
1326 2055 1430 2118 Pione
1444 2064 1472 2117 et
1484 2055 1563 2118 aes.
1580 2055 1670 2130 Paul,
1680 2055 1837 2139 quiriside
1850 2055 1925 2118 dans
1935 2055 2032 2136 arcp

1278 2147 1450 2210 Sneeessear
1464 2148 1498 2210 de
1513 2167 1555 2211 ees
1564 2149 1642 2210 deuo
1650 2152 1784 2232 Apotres,
1799 2149 2032 2230 absquenomiuc

1276 2241 1433 2318 Authoris,
1462 2248 1493 2303 et
1514 2243 1723 2322 impressionis
1745 2244 1825 2304 loco.
1853 2243 1955 2323 Hujus
1976 2239 2031 2302 libri

1277 2334 1505 2413 evulgationem
1529 2335 1691 2398 subsecuta
1718 2337 1812 2397 editio
1841 2341 1889 2398 est
1926 2335 2033 2396 alterius

1277 2427 1348 2487 libri
1362 2428 1520 2508 Anonymi
1539 2430 1646 2490 eodem
1666 2429 1811 2490 idiomate
1829 2429 1982 2509 impressi,
1995 2426 2032 2488 cui

1276 2519 1384 2580 titulus
1400 2538 1407 2579 ε
1423 2521 1467 2582 La
1482 2520 2032 2603 610110011011111110110110100110·

1278 2611 1332 2673 tta
1345 2633 1397 2674 sar
1411 2613 1559 2676 tantoritt
1574 2613 1609 2675 de
1626 2614 1661 2676 S.
1677 2614 1785 2676 Pierre
1798 2622 1826 2675 et
1839 2613 1874 2675 de
1897 2615 1934 2676 S.
1950 2611 2033 2686 Paut;

1278 2707 1422 2767 Necnon
1444 2707 1580 2787 epistolae
1601 2707 1739 2786 ejusdem
1762 2709 1942 2788 argumenti
1954 2705 2033 2768 latino

1277 2798 1423 2860 idiomate
1438 2801 1628 2880 conscriptae,
1636 2820 1670 2862 ae
1683 2801 1766 2882 typis
1773 2820 1895 2863 exeusae
1910 2797 2034 2882 plurimis

1277 2893 1427 2969 adductis,
1438 2898 1531 2974 atque
1555 2895 1707 2974 congestis
1717 2895 1903 2956 Sanctorum
1911 2897 2032 2962 Petrum,

1279 2987 1480 3047 Summarum
1503 2986 1698 3066 Pontificum,
1716 2989 1881 3049 Sacrorum
1902 2985 2034 3049 Conciho·

1277 3097 1360 3154 rum,
1377 3085 1407 3139 01
1423 3081 1586 3140 Doctorum
1603 3080 1687 3141 locis.

1318 3172 1477 3246 Quochca,
1495 3191 1534 3234 ne
1548 3173 1582 3233 in
1598 3192 1631 3234 re
1646 3173 1723 3234 tanti
1737 3174 1883 3254 ponderis
1893 3189 1979 3235 error
1989 3168 2035 3232 ali·

1278 3265 1347 3344 quis
1380 3265 1535 3326 mentibus
1571 3267 1684 3326 Christi
1716 3267 1856 3328 fidelium
1888 3265 2035 3347 irreperet,

1278 3357 1364 3418 libris
1386 3359 1538 3438 praedietis
1559 3360 1596 3420 de
1611 3359 1757 3421 mandato
1777 3360 1967 3422 Sanctissimi
1985 3373 2037 3418 ma·

1278 3456 1348 3512 ture
1364 3452 1555 3529 examinatis,
1576 3452 1711 3533 locisque
1730 3453 1871 3514 adductis
1888 3453 2037 3532 diligenter

1279 3544 1434 3624 inspectis,
1450 3565 1485 3606 00
1500 3545 1686 3626 ponderatis,

1319 3637 1534 3699 Sanctissimus
1552 3639 1649 3700 101010
1666 3639 1808 3699 unanimi
1823 3638 2038 3718 Theologorum

1281 3731 1320 3791 ad
1343 3731 1402 3792 hoc
1425 3732 1593 3811 specialiter
1616 3733 1836 3811 deputatonrm
1858 3751 1997 3806 censura,
2014 3733 2038 3789 ct

1281 3825 1393 3884 auditis
1411 3825 1491 3884 votis
1511 3825 1833 3886 Eminentissimorum
1851 3827 2037 3887 0111010101·

1282 3917 1479 3978 dissimorum
1503 3918 1538 3978 D.
1564 3919 1599 3978 D.
1624 3918 1833 3979 Cardinahum
1853 3918 2038 3981 Generalium

1283 4010 1767 4090 Inquisitorum,Propositionem
1780 4011 1880 4072 hanc:
1896 4013 1928 4073 S.
1943 4013 2039 4074 Petrus

1282 4107 1312 4162 et
1325 4104 1355 4163 S.
1372 4103 1486 4164 Paulus
1499 4109 1571 4164 sunt
1584 4105 1646 4165 duo
1659 4105 1799 4166 Ecclesia
1815 4105 1981 4185 Principes,
1995 4101 2040 4182 qui

1282 4196 1411 4257 unicum
1439 4195 1585 4257 efficiunt.
1613 4197 1693 4257 Vel:
1723 4202 1797 4258 0111
1821 4198 1884 4259 (110
1912 4197 2040 4259 Ecclesia

1284 4287 1449 4350 Catholicae
1466 4289 2040 4369 001111101100011101111110000111ωο

1282 4382 1363 4442 11101
1377 4401 1409 4442 00
1420 4382 1537 4442 unitate
1551 4383 1720 4462 conjuncti.
1737 4384 1812 4444 Vel:
1829 4383 2041 4464 suntgeminus

1284 4474 1470 4536 Universalis
1495 4475 1634 4537 Ecclesia
1661 4482 1781 4553 101101,
1807 4477 1861 4557 qui
1891 4477 1926 4538 in
1953 4491 2041 4537 unum

1283 4567 1470 4628 divinissime
1483 4567 1674 4629 coaluerunt.
1690 4569 1766 4630 Vel:
1783 4575 1855 4630 sunt
1872 4570 1936 4631 duo
1950 4569 2041 4631 Eccle-

1283 4661 1335 4720 siae
1345 4661 1466 4722 Summi
1474 4661 1624 4738 Pastores,
1641 4682 1677 4723 ae
1689 4663 1908 4743 Praesides,qui
1923 4662 2042 4724 unicum

1284 4759 1376 4833 caput
1396 4753 1600 4830 constituunt,
1625 4755 1668 4815 ita
1688 4756 1881 4835 explicatam,
1905 4761 1941 4816 ut
1957 4761 2043 4836 ponat

1284 4848 1495 4908 omnimodam
1509 4847 1716 4927 aequalitatem
1729 4850 1810 4910 inter
1823 4851 1855 4910 S.
1873 4851 2005 4922 Petrum,
2017 4848 2043 4906 ct

1284 4940 1315 5001 S.
1347 4941 1488 5017 Paulum,
1512 4941 1577 5002 sine
1602 4941 1864 5017 subordinatione,
1884 4948 1913 5002 01
1936 4941 2045 5019 subjee-

1283 5035 1368 5095 tione
1392 5036 1423 5095 S.
1451 5034 1538 5094 Pauli
1565 5035 1605 5095 ad
1630 5035 1662 5096 S.
1691 5036 1818 5096 Petrum
1844 5037 1877 5097 in
1901 5037 2044 5116 potestate

1284 5145 1438 5206 suprema,
1467 5132 1499 5187 01
1522 5127 1672 5207 regimine
1694 5129 1876 5190 universalis
1897 5127 2041 5200 Ecclesia,

1283 5220 1459 5281 haereticam
1471 5221 1599 5288 censuit,
1616 5225 1646 5281 et
1659 5220 1835 5283 declaravit.

1324 5312 1492 5392 Epistulam
1506 5329 1579 5374 vero
1602 5331 1638 5374 ae
1657 5312 1753 5374 libros
1767 5314 1934 5396 praedictos.
1958 5311 2042 5374 alies

1284 5423 1356 5486 que,
1368 5406 1401 5466 in
1414 5405 1527 5484 quibus
1543 5406 1724 5486 Propositio,
1740 5413 1776 5468 ut
1789 5426 1880 5488 supra
1889 5406 2040 5486 explicata,
2091 5449 2093 5486 ,

1249 5579 1253 5585 Δ
1284 5504 1315 5560 et
1330 5499 1475 5562 damnata
1498 5500 1646 5561 asseritur
1668 5505 1699 5568 et
1719 5500 1900 5576 defendier,
1914 5505 1981 5560 tam
1992 5499 2042 5558 im·
2091 5497 2093 5534 '³

1284 5611 1403 5672 pressos
1417 5609 1511 5672 quam
1521 5593 1755 5673 imprimendos,
1770 5609 1961 5675 quocumque
1972 5589 2041 5652 idio·
