3946 6344
289 425 348 488 522
928 421 978 481 DE
997 419 1227 486 CHARITATE.

286 587 1060 669 occurretobligatiosuccurrendinecessitatioxtre·
1109 586 1135 648 si
1149 587 1232 650 sitin
1245 588 1382 669 periculo
1395 590 1537 671 proxim
1551 596 1701 674 55555561
1710 599 1869 662 5555511151

291 701 363 756 mae,
386 682 435 744 vel
448 683 536 761 gravi
554 683 648 760 hujus
662 699 793 744 numero
807 680 953 761 proximi,
969 679 1059 740 docet
1108 698 1147 742 ex
1160 681 1356 746 vehementia
1365 684 1525 764 passionis,
1542 687 1592 749 vel
1599 689 1787 752 tentationis.
1800 693 1868 754 Gra·

288 776 449 840 Granadus
470 777 500 836 1.
524 777 665 836 655511.
691 777 721 836 3.
746 781 769 835 t.
784 777 815 836 6.
831 772 861 834 6.
881 775 910 834 6.
927 791 1011 834 num.
1025 773 1056 832 1.
1108 773 1154 834 115
1168 780 1224 852 551,
1240 775 1266 836 51
1286 793 1350 838 555
1370 777 1410 838 511
1428 779 1556 857 quidem
1578 780 1753 859 periculum
1774 786 1869 863 prori-

288 887 352 932 esse
372 868 466 930 simul
488 867 709 948 obligationem
728 885 802 930 cum
823 866 972 946 diligendi
986 870 1057 926 actu
1108 882 1197 934 mum
1226 867 1434 930 damnationis
1469 876 1604 946 515155,
1637 877 1776 935 attamen
1803 885 1871 956 5551

286 962 422 1037 interno,
446 966 477 1022 51
489 961 623 1037 formali,
635 961 708 1041 quia
724 966 797 1021 tunc
803 965 927 1021 tanaim
937 977 1058 1020 555551-
1107 957 1341 1036 cicumstantiae,
1356 979 1426 1041 qum
1441 963 1573 1025 salutem
1584 970 1735 1026 aternam
1747 967 1872 1030 1566551

286 1073 354 1116 rere
385 1054 528 1133 proximo
558 1072 631 1133 ergo
667 1054 761 1114 etiam
791 1058 917 1114 tenetur
943 1053 1058 1114 habere
1108 1051 1274 1116 difficilem.
1302 1054 1485 1117 Communis
1503 1061 1559 1129 est,
1580 1057 1614 1118 in
1628 1075 1691 1137 qua
1705 1061 1872 1122 communi·

286 1147 477 1208 voluntatem
490 1146 700 1222 succurrendi,
718 1147 786 1208 haec
797 1150 902 1206 eutem
914 1145 1059 1206 voluntas
1107 1150 1155 1207 ter
1175 1150 1248 1206 sunt
1262 1153 1441 1226 peccatores
1458 1148 1492 1210 15
1507 1151 1632 1212 mortali
1652 1153 1818 1230 5555115111,
1830 1157 1872 1215 115

286 1239 484 1301 succurrendi
503 1244 550 1301 est
572 1256 661 1301 amor
681 1240 834 1300 internus.
858 1240 953 1299 111115
971 1255 1058 1298 casus
1108 1237 1198 1300 Card.
1215 1255 1331 1319 supra:
1350 1241 1387 1302 Et
1400 1239 1438 1302 de
1455 1240 1504 1302 his
1525 1242 1617 1321 plura
1633 1244 1733 1305 videri
1752 1253 1873 1324 possunt

286 1331 355 1392 illos
369 1332 458 1393 65551
470 1333 559 1393 Card.
575 1336 616 1393 io.
633 1333 665 1393 2.
684 1331 758 1391 eriri
769 1328 799 1392 d.
816 1333 846 1391 8.
861 1349 911 1391 au.
930 1332 979 1392 3t.
993 1349 1058 1391 non
1108 1330 1191 1409 apud
1209 1330 1330 1395 Valent.
1355 1333 1386 1394 1.
1408 1333 1440 1394 1.
1455 1332 1487 1394 d.
1510 1335 1541 1394 3.
1561 1353 1592 1415 q.
1608 1337 1638 1396 1.
1658 1355 1696 1417 p.
1719 1338 1750 1398 3.
1765 1339 1868 1401 Bonae.

287 1443 352 1486 5555
365 1443 422 1505 per
435 1441 467 1486 55
485 1422 1059 1504 55113511555555151515155,51151-
1108 1420 1152 1484 ia.
1168 1423 1198 1486 1.
1215 1439 1309 1502 prece.
1335 1423 1483 1486 055516.
1508 1427 1537 1487 3.
1558 1435 1660 1506 quaest.
1678 1431 1709 1490 3.
1731 1439 1828 1509 punct.
1840 1435 1869 1492 1.

287 1517 362 1579 mali
375 1516 524 1596 diligendi
547 1517 642 1593 hune,
658 1516 707 1578 vel
727 1515 817 1576 illum
840 1515 873 1576 in
897 1515 1057 1576 individuo
1107 1533 1139 1575 a.
1155 1515 1185 1576 5.
1201 1514 1317 1577 Baldcl.
1332 1521 1355 1578 1.
1371 1518 1401 1577 2.
1419 1516 1478 1579 11.
1493 1516 1523 1580 d.
1542 1521 1590 1580 18.
1603 1537 1636 1580 a.
1649 1521 1699 1580 15.
1717 1521 1797 1582 Basa.
1808 1531 1829 1585 t.
1842 1528 1869 1584 1.

286 1610 474 1690 proximum.
1107 1624 1134 1670 o.
1153 1605 1501 1672 cerritanensium.
1518 1619 1541 1672 t.
1557 1613 1587 1673 6.
1604 1611 1634 1674 d.
1652 1615 1868 1693 apsaro.

204 1695 262 1757 173
326 1702 355 1783 ἓ.
386 1705 414 1764 5.
442 1703 563 1783 Optime
576 1701 686 1762 satisfit
708 1705 874 1780 praecepto
897 1700 1058 1764 charitatis
1107 1699 1161 1760 ubi
1175 1700 1250 1760 6551
1264 1702 1415 1782 exempla,
1430 1702 1761 1782 praesertimextremee
1775 1725 1871 1768 55555·

287 1813 361 1875 5135
393 1796 583 1875 proximum,
615 1794 640 1854 si
669 1793 720 1854 hic
753 1792 898 1871 diligatur
931 1799 1057 1873 propter
1108 1792 1206 1852 sitatis
1218 1793 1396 1871 spiritualis.

287 1889 396 1963 Deum,
413 1907 444 1949 v.
469 1907 499 1968 g.
516 1888 589 1967 quia
613 1889 694 1948 lleus
719 1903 841 1947 summe
863 1885 963 1946 bonus
976 1886 1053 1955 vult,
1148 1883 1313 1959 (11515
1336 1887 1404 1968 quia
1418 1891 1512 1968 possit
1525 1887 1686 1970 aliquando
1705 1891 1806 1968 otton,
1819 1899 1871 1954 aut
1893 1901 1936 1960 116

287 1981 361 2061 quia
383 1983 445 2042 Deo
468 1980 588 2041 infinite
600 1979 682 2040 bono
691 1979 734 2040 sic
746 1977 864 2059 placet3
880 1985 956 2039 tune
970 1979 1056 2040 enim
1105 1973 1209 2040 bouum
1222 1996 1308 2040 55165
1317 1986 1493 2061 postponere
1504 1981 1658 2056 vitm-aut
1674 1981 1744 2044 bono
1755 1983 1873 2048 aiter-im

286 2079 393 2134 manet
404 2071 539 2134 Charites
548 2071 694 2152 proximi,
704 2076 735 2132 51
744 2071 869 2151 quidem
878 2070 1053 2151 perfectior.
1100 2069 1221 2150 privari
1228 2070 1244 2134 t
1259 2072 1300 2134 R.
1317 2071 1347 2150 ἓ.
1364 2075 1393 2136 1.
1411 2072 1444 2134 si
1460 2071 1510 2134 hic
1531 2073 1627 2136 homo
1641 2077 1781 2154 privatus
1793 2078 1871 2140 sitin

286 2166 463 2228 Cardena.
486 2167 537 2226 10.
1105 2166 1200 2238 certo,
1225 2168 1256 2224 51
1276 2169 1414 2226 extremo
1428 2164 1565 2244 periculo
1588 2167 1674 2241 vita,
1701 2168 1804 2230 licebit
1819 2170 1873 2232 tibi

205 2244 259 2304 17⁴
329 2257 365 2333 0.
393 2259 442 2319 13.
460 2257 510 2318 Aa
530 2257 639 2319 Pastor
658 2274 724 2316 cum
749 2273 929 2336 quocumque
949 2253 1056 2318 655155
1104 2255 1190 2316 adire
1203 2255 1361 2335 probabile
1373 2257 1547 2340 perieulum
1563 2259 1633 2320 vite
1647 2265 1713 2322 tuae
1723 2279 1778 2340 pro
1793 2261 1873 2324 illins

284 2368 336 2411 suo
351 2354 483 2410 teneatur
497 2347 1055 2429 5565511556515159155155555·-
1105 2347 1167 2410 1115
1188 2349 1351 2426 servanda,
1377 2350 1451 2429 quiin
1469 2356 1553 2412 certe
1571 2369 1657 2412 mors
1679 2352 1805 2414 alterins
1829 2361 1873 2416 est

287 2447 347 2504 tote
360 2441 517 2524 spirituali
530 2437 817 2520 eonstitutotltesp.
834 2440 966 2502 Nomine
982 2441 1055 2502 Pas-
1103 2441 1203 2519 magis
1230 2442 1363 2510 malum.
1389 2459 1486 2522 quam
1514 2443 1677 2522 probabile
1705 2447 1872 2524 perieulum

284 2535 360 2596 toris
386 2535 515 2596 veniunt
542 2533 694 2614 Episcopi,
725 2533 864 2610 Parochi,
890 2533 993 2594 etalii
1016 2551 1055 2594 ex
1103 2532 1175 2594 vite
1185 2535 1339 2613 proprie:
1355 2536 1393 2596 ad
1404 2536 1464 2597 boc
1472 2540 1577 2597 151555
1588 2553 1653 2597 555
1663 2538 1789 2614 teneris,
1803 2541 1873 2618 quia

284 2627 386 2690 officio
400 2645 506 2689 curam
520 2627 698 2688 animarum
712 2625 870 2702 habentes,
887 2626 925 2687 de
940 2626 1054 2704 quibus
1102 2623 1197 2684 nimis
1219 2624 1334 2686 durum
1363 2624 1487 2688 videtur
1500 2625 1633 2705 obligari
1654 2627 1814 2690 bominem
1836 2631 1872 2690 ad

283 2720 431 2782 omnibus
453 2727 573 2782 certum
585 2725 631 2780 est
650 2718 708 2780 seih
726 2718 851 2778 mortali
868 2718 968 2779 teneri
984 2737 1054 2779 suc-
1103 2717 1318 2795 exponendam
1331 2716 1428 2782 vitem
1449 2735 1540 2778 suam
1560 2720 1648 2797 gravi
1668 2720 1805 2799 periculo
1819 2740 1873 2801 pru

283 2831 407 2874 currere
420 2813 555 2891 subdito,
572 2829 635 2872 non
651 2816 774 2872 tantum
787 2811 821 2870 in
835 2816 985 2888 extrema,
1000 2812 1053 2873 sed
1105 2808 1256 2870 servanda
1267 2809 1331 2870 vita
1342 2808 1468 2870 alterius
1482 2809 1594 2889 privati
1606 2809 1752 2874 hominis.

283 2907 430 2967 etiamin·
446 2906 534 2985 gravi
557 2904 737 2965 necessitate
758 2903 912 2983 spirituali
936 2904 1054 2964 consti·
1142 2899 1171 2978 ἓ.
1183 2901 1213 2966 6.
1226 2900 1302 2962 Situ
1312 2901 1352 2962 sis
1362 2901 1395 2962 in
1409 2901 1670 2982 aequalipericulo
1683 2921 1754 2964 cum
1763 2904 1871 2980 altem,
1894 2916 1936 2973 111

282 3004 362 3076 tuto,
379 3004 409 3060 et
422 2999 463 3060 ad
483 2999 543 3059 hoc
564 2997 692 3076 quidem
704 3001 853 3058 tenentur
867 3013 1051 3076 55515555-
1102 2993 1217 3070 poteris
1228 2990 1287 3054 tibi
1307 2993 1393 3071 prius
1409 2993 1581 3072 providere,
1596 3013 1694 3074 quam
1708 2995 1774 3072 illi;
1791 2997 1873 3058 nibi-

281 3097 449 3171 tocumque
461 3107 578 3168 magno
600 3107 657 3150 suo
678 3087 865 3150 detrimento
878 3089 1052 3168 temporali,
1102 3083 1238 3146 lominus
1256 3086 1463 3164 potestatium
1485 3086 1580 3148 bomo
1595 3089 1776 3168 permittere
1790 3107 1872 3152 mor·

282 3185 346 3245 imo
364 3191 396 3246 et
416 3201 488 3244 cum
506 3183 577 3242 1115
598 3181 732 3262 proprias
745 3182 871 3254 damno,
889 3181 933 3242 ite
947 3182 979 3244 S.
993 3181 1051 3242 Tb.
1102 3180 1167 3238 tem
1194 3194 1294 3254 susm,
1319 3178 1475 3240 51551151
1500 3179 1596 3242 vitam
1624 3181 1873 3261 piroximietiam
1971 3177 1972 3238 3

282 3279 312 3338 2.
324 3279 354 3337 1.
370 3296 398 3358 q.
411 3277 531 3338 16511.
547 3272 668 3335 5563.
681 3274 941 3353 5151855115.
960 3273 1049 3335 Suar.
1102 3268 1225 3348 privati,
1249 3287 1278 3334 v.
1295 3287 1327 3348 3.
1342 3275 1442 3350 potest
1467 3270 1633 3334 defendere
1653 3273 1743 3334 illum
1767 3281 1875 3338 sonim
1970 3279 1972 3352 i

281 3389 311 3450 q.
327 3373 341 3430 t
356 3376 435 3450 part.
458 3369 487 3428 2.
503 3366 533 3446 §.
552 3365 665 3441 Ouarto
675 3363 753 3440 dieo,
776 3364 1004 3427 6155615.
1020 3369 1050 3434 4,
1102 3359 1267 3438 latronem,
1283 3363 1873 3443 quumvispraevidcatseoccidendum:
1970 3359 1972 3456 J

284 3463 364 3522 Cast.
380 3459 408 3522 d.
428 3455 1050 3540 1551166555.6.65.6.’1.55551.1.
1101 3452 1243 3516 similitor
1269 3459 1369 3533 potest
1390 3454 1430 3516 in»
1450 3455 1611 3533 naufragio
1639 3476 1705 3521 non
1731 3459 1869 3539 arripere
1970 3465 1972 3508 i

282 3556 352 3616 513.
368 3553 490 3615 bravio.
508 3553 607 3612 Bana.
623 3549 730 3628 Arrag.
748 3550 825 3610 Nav.
848 3549 956 3629 Tupia,
971 3567 1051 3629 quos
1102 3545 1251 3622 tabulam,
1279 3547 1332 3608 sed
1358 3546 1537 3627 permittere
1564 3549 1666 3623 alteri,
1681 3567 1756 3612 nam
1780 3552 1876 3614 iubis
1969 3531 1971 3600 i

282 3645 366 3720 citat,
381 3649 413 3706 et
425 3643 566 3724 sequitur
580 3642 669 3704 Gard.
686 3642 718 3702 ia
733 3646 762 3704 t.
774 3642 852 3703 51151.
865 3641 895 3702 d.
918 3643 968 3702 16.
979 3659 1004 3704 5.
1020 3645 1051 3703 6.
1103 3654 1169 3700 555
1182 3643 1266 3700 amat
1277 3639 1462 3700 Proximum
1475 3639 1545 3720 plus
1558 3659 1654 3721 quam
1667 3660 1711 3720 se,
1726 3643 1782 3704 sed
1794 3651 1875 3708 amat
1970 3643 1971 3656 ¹

282 3736 480 3800 Probaturt.
496 3751 571 3798 nem
589 3751 749 3798 assumens
767 3732 904 3813 officium
923 3735 1055 3795 Pastoris
1102 3729 1221 3790 bonum
1243 3731 1375 3792 heroicas
1396 3732 1519 3794 virtutis
1543 3732 1624 3813 plus,
1652 3751 1748 3813 quam
1776 3736 1875 3798 vitam
1969 3719 1971 3806 i

282 3827 1053 3907 56555555511351111515115515551515165)-
1105 3839 1207 3897 suam,
1229 3825 1273 3883 uti
1298 3843 1337 3884 ⁶21
1361 3823 1391 3886 S·
1409 3824 1466 3884 Th·
1487 3829 1569 3886 Γθθῖθ
1583 3824 1750 3890 observent
1769 3828 1874 3890 Ovitd·
1968 3839 1970 3900 t

283 3941 345 4002 que
370 3920 577 3984 communitas
599 3920 659 4000 ipsi
681 3919 850 3999 assignavit
873 3925 1051 3998 proventus,
1103 3922 1198 3980 contr.
1215 3916 1243 3983 8.
1265 3935 1296 3981 a.
1316 3919 1366 3978 87.
1389 3923 1420 3981 et
1438 3917 1537 3983 Castu.
1559 3921 1631 3986 toea.
1653 3920 1686 3980 o.
1701 3917 1732 3984 6.
1750 3922 1781 3982 1.
1796 3940 1831 3999 p.
1847 3923 1874 3980 8.
1968 3919 1970 4004 ξ

283 4032 319 4075 55
341 4013 503 4093 stipendia.
519 4014 551 4074 1.
568 4011 619 4072 Sic
640 4018 764 4072 tenetur
778 4011 854 4072 Belli
871 4011 935 4071 dux
949 4011 1054 4073 adesse
1102 4025 1204 4086 neque
1223 4008 1375 4086 ejusmodi
1391 4010 1486 4072 homo
1499 4009 1596 4072 vitam
1609 4009 1667 4071 sibi
1690 4011 1807 4074 directe
1821 4011 1876 4074 tol·

283 4105 442 4178 exercitui,
464 4103 659 4165 Gubernator
680 4102 757 4164 Urbi
771 4104 808 4163 65
823 4103 920 4164 551515
933 4109 1054 4184 tempo·
1103 4098 1149 4173 lit,
1167 4100 1218 4160 sed
1235 4105 1357 4162 tantuna
1368 4119 1433 4164 non
1443 4107 1543 4164 servat
1559 4102 1727 4166 exmotivo
1739 4103 1876 4168 virtutis.
1968 4129 1969 4178 j

283 4199 341 4258 rali
366 4196 571 4278 periclitanti,
601 4211 675 4273 5135
698 4195 797 4254 multo
825 4195 924 4274 magis
949 4197 1056 4258 Pastor
1103 4192 1268 4256 Anusstem
1283 4193 1389 4272 possit,
1404 4213 1434 4258 v.
1450 4213 1481 4272 3.
1497 4193 1637 4256 tabulam
1651 4195 1718 4274 jem
1732 4195 1877 4260 mfeescm
1968 4193 1969 4206 ¹

284 4290 408 4352 subdito
422 4288 608 4370 periclitanti
619 4288 657 4348 de
669 4286 899 4348 saluteanimae.
912 4289 940 4352 3.
957 4289 1056 4350 Unus·
1104 4285 1178 4346 dere
1191 4286 1279 4348 alteri
1291 4304 1433 4362 evasura,
1448 4288 1473 4346 si
1487 4287 1655 4367 prevideat
1668 4305 1700 4349 se
1715 4289 1877 4350 55115555

285 4383 414 4463 quiaque
428 4386 551 4443 1555151
566 4379 662 4442 etiam
681 4397 753 4440 cum
768 4379 883 4441 damno
903 4380 1056 4442 11115555-
1107 4379 1326 4458 551355655,
1354 4379 1454 4458 major
1480 4386 1527 4440 551
1539 4379 1704 4442 difficultas
1720 4401 1727 4456 ;
1743 4381 1879 4444 affirmat

284 4489 408 4534 (vumere
422 4470 564 4551 proximo
578 4468 612 4532 in
621 4473 761 4530 extrema
773 4469 954 4530 necessitate
968 4471 1055 4550 spiri·
1105 4471 1212 4548 Lorca,
1228 4477 1344 4546 negant
1362 4471 1415 4534 alii
1430 4473 1629 4537 communius
1652 4491 1727 4534 cum
1742 4473 1837 4538 Snar.
1851 4479 1879 4536 51

283 4565 361 4626 15511
381 4564 560 4636 5555111515,
577 4580 651 4642 5135
668 4563 775 4623 Pastor
793 4561 948 4624 tenebitur
962 4564 1056 4624 etium
1105 4563 1212 4630 Ovied.
1236 4583 1267 4629 a.
1285 4566 1333 4625 16.
1357 4563 1508 4644 quiajam
1521 4564 1555 4624 in
1568 4564 1675 4626 tabula
1693 4567 1879 4628 (5551115155

284 4659 317 4718 in
328 4657 439 4736 gravi:
474 4656 554 4716 ratio
569 4655 695 4728 etenim,
714 4660 745 4718 et
762 4655 937 4716 communis
950 4673 1057 4717 sensus
1105 4661 1172 4718 erat
1195 4663 1283 4718 extra
1304 4657 1488 4737 periculum,
1511 4657 1546 4717 in
1566 4657 1651 4736 quod
1674 4657 1699 4718 51
1714 4675 1746 4719 se
1766 4658 1879 4720 directe

285 4751 390 4827 dictat,
405 4748 568 4829 proprium
582 4748 740 4810 Pastorem
760 4747 799 4808 ud
813 4746 1057 4826 empliusteneri
1105 4749 1273 4827 reingerat,
1296 4750 1432 4827 videtur,
1450 4749 1610 4810 moraliter
1631 4750 1805 4830 loquendo,
1826 4751 1879 4812 sibi
1965 4759 1967 4822 ἦ

286 4859 360 4922 erga
393 4839 569 4915 oviculam,
604 4857 700 4918 quam
733 4844 927 4902 cananeum.
964 4839 1059 4903 addit
1105 4838 1220 4901 directe
1240 4839 1336 4901 vitam
1358 4841 1479 4917 tollere,
1501 4845 1537 4901 51
1560 4839 1650 4900 alteri
1668 4848 1783 4919 servet,
1799 4843 1878 4922 qnod
1966 4827 1967 4890 ἕ

288 4937 380 5001 Suar.
395 4932 425 4996 d.
441 4935 470 4995 e.
487 4951 512 4994 s.
527 4933 558 4993 1.
573 4951 603 4994 5.
620 4933 649 4995 5.
667 4931 877 5012 5655115555
890 4949 962 4994 cum
975 4931 1058 5012 peri·
1105 4931 1247 4994 illicibrm
1261 4938 1308 4995 551
1324 4952 1331 4996 :
1348 4937 1437 5013 putat
1450 4937 1558 4994 151555
1569 4931 1664 4996 Suae.
1678 4932 1745 4994 iore
1759 4941 1878 4996 155155

287 5028 357 5090 culo
379 5023 604 5105 5535165551
617 5023 806 5102 temporalis,
828 5024 997 5086 sitantum
1019 5025 1059 5086 sit
1105 5024 1236 5098 veniale,
1247 5025 1321 5105 quia
1336 5026 1469 5104 gravitas
1481 5025 1577 5104 hujus
1585 5027 1707 5105 peccati
1715 5045 1782 5088 555
1791 5027 1879 5090 debet

288 5138 404 5200 155355
417 5118 532 5180 51111155
545 5115 723 5197 spiritualis,
738 5115 778 5176 ad
791 5116 873 5178 hane
887 5117 971 5180 euim
985 5117 1057 5178 sub·
1106 5116 1227 5178 desumi
1241 5137 1260 5180 a
1272 5119 1337 5182 vita
1356 5118 1505 5200 propria3
1521 5118 1575 5180 scd
1589 5118 1629 5178 ab
1646 5137 1774 5180 5555555
1790 5119 1878 5194 uuit,

287 5212 352 5273 6115
366 5209 593 5291 procurandam
606 5227 639 5276 se
652 5206 735 5270 ervi
750 5206 843 5270 officii
858 5208 1016 5288 obligavit.
1105 5209 1161 5290 qui
1174 5215 1229 5286 ast,
1252 5216 1288 5272 ut
1309 5213 1412 5289 potius
1437 5227 1625 5272 conservem
1647 5211 1746 5274 vitam
1767 5229 1878 5288 meam,

207 5313 263 5374 175
331 5303 584 5379 0610555551
596 5300 926 5382 55555115555111155115
940 5299 1059 5363 dicetur
1106 5318 1202 5384 quam
1224 5303 1378 5379 alienam3
1401 5303 1451 5365 hia
1473 5308 1580 5364 autem
1601 5319 1743 5366 excessus
1761 5306 1880 5366 1165115

289 5394 550 5476 extremuerunt,
560 5392 901 5475 velcommuuislltesp.
913 5396 1060 5458 Extrema
1106 5413 1172 5457 esse
1184 5394 1271 5471 levis,
1285 5394 1465 5457 undesicuti
1473 5411 1637 5474 peccarem
1649 5399 1775 5458 tantum
1783 5397 1880 5460 venie

292 5494 349 5564 est,
364 5505 435 5550 cum
458 5487 618 5567 proximus
631 5492 771 5550 versatur
786 5488 820 5549 in
836 5488 972 5568 periculo
986 5506 1058 5568 pro·
1105 5488 1189 5560 liter,
1205 5488 1231 5548 si
1245 5487 1431 5551 heneficium
1444 5487 1657 5567 quamtumvis
1678 5487 1797 5567 pingue
1810 5507 1878 5551 con·

292 5581 378 5642 ximo
393 5578 599 5640 damnationis
615 5585 756 5642 aterna:
773 5580 847 5642 item
862 5578 1057 5657 quandoque,
1107 5581 1224 5641 torrem
1238 5581 1345 5659 61355,
1360 5579 1570 5660 pretermisso
1579 5579 1734 5658 61351555,
1745 5581 1878 5644 aierem
