3964 6348
654 457 658 466 ¹
692 428 741 486 ltE
762 425 1027 488 CONSClEN'l'lA.
1595 427 1649 484 3111

84 599 154 671 pat.
169 594 196 654 1.
211 609 235 651 c.
250 595 279 652 t.
295 591 313 670 ξ
331 595 357 652 Ι.
373 593 575 653 ctnovissime
599 594 759 654 Innocent.
778 593 832 668 XI,
884 609 930 652 nce
943 589 1131 672 Mupistrum,
1149 589 1281 669 turpiter
1295 587 1364 648 adeo
1375 607 1470 650 erasse
1482 589 1515 648 in
1529 589 1651 650 Prasiai.

87 685 114 744 in
130 683 185 744 fine
200 684 313 744 Onerati
337 685 416 745 circa
430 687 469 745 os
507 685 731 764 propositiones
745 685 832 746 dam·
884 684 933 744 ud.
950 687 986 743 T.
1006 687 1032 743 1.
1049 682 1153 743 Theol.
1173 681 1284 741 Christ.
1298 700 1369 761 pap.
1386 698 1506 742 murm.
1522 687 1556 741 ut
1572 681 1654 743 uerba

87 781 171 847 unns,
185 774 318 854 praeripit
341 775 374 834 in
398 775 511 836 virtute
523 777 554 836 S.
583 775 782 851 Obedicntiae,
799 779 834 834 nt
886 775 941 837 illu
950 775 1160 837 Innocentiaui
1169 773 1294 842 Deercti
1305 793 1374 853 quae
1389 775 1470 835 inter
1480 775 1653 836 Catholicae

85 871 139 926 tum
152 867 181 928 in
194 866 277 927 libris
303 867 528 946 imprimendis,
556 887 592 928 ac
604 867 833 948 manuscriptis,
884 868 1041 928 hincinde
1055 872 1326 927 controvertuntur
1342 865 1528 928 intellexerit
1545 865 1579 927 de
1593 867 1656 928 illis

85 976 166 1036 pram
177 959 208 1018 in
220 959 366 1035 thesibus,
382 959 650 1039 disputationibus,
665 979 699 1021 ae
722 961 834 1040 praedi·
885 965 1000 1021 tanturn
1015 959 1284 1040 propositionibus,
1301 959 1370 1038 quac
1388 959 1427 1020 ab
1443 959 1654 1019 universitati-

84 1049 237 1110 cationibus
259 1067 367 1112 omncs
393 1059 521 1112 caveant
540 1051 579 1112 ab
593 1053 679 1113 omni
693 1071 833 1124 censura,
885 1053 943 1112 bus
955 1099 962 1129 ,
989 1052 1114 1112 asseris
1128 1051 1293 1112 Ordinibus
1305 1051 1474 1130 scholisque
1490 1050 1655 1112 Catholicis

83 1148 109 1202 ct
126 1149 202 1216 nota,
230 1133 351 1204 necnon
377 1163 396 1204 a
422 1144 670 1224 quibuscumque
695 1145 837 1206 convitiis
885 1145 988 1224 aliqua
1002 1145 1243 1214 Constitutione,
1269 1148 1323 1204 ant
1347 1143 1655 1219 stntuto,veltr1cito

83 1239 246 1296 contraeas
269 1236 506 1316 propositiones,
529 1257 598 1316 epure
631 1239 732 1299 adhue
755 1238 836 1298 inter
886 1255 1036 1297 consensu
1058 1237 1209 1316 adoptatae
1230 1235 1326 1295 sunt?
1348 1234 1519 1310 (inciderim
1538 1233 1577 1296 ad
1594 1234 1654 1294 cla-

83 1325 230 1387 catholicos
250 1328 322 1388 binc
337 1329 409 1390 inde
437 1333 720 1404 controvertuntur,
737 1331 835 1390 ctouec
885 1327 1008 1390 dmdum
1036 1328 1280 1389 Innocentiumnn
1310 1326 1465 1388 Decretum
1495 1345 1656 1388 accommo-

82 1419 140 1478 aS.
155 1419 227 1480 Sede
246 1422 424 1500 recogmss,
453 1439 545 1501 snper
567 1422 676 1483 iisdem
699 1422 836 1503 proposi·
886 1420 987 1482 datius
1003 1421 1148 1501 potuisset
1162 1441 1180 1480 a
1195 1420 1345 1481 leuissimo
1361 1419 1562 1482 Probabilisto
1575 1437 1657 1480 exco-

84 1510 204 1572 tionibus
223 1512 374 1590 judicium
400 1515 593 1594 proteratur:
610 1515 635 1575 si
649 1515 717 1594 ipris
730 1521 837 1575 tamen
885 1513 1001 1595 pilari?
1030 1513 1109 1574 lb'arn
1132 1517 1159 1574 1.
1184 1512 1345 1591 Pontifex,
1381 1518 1416 1572 ut
1438 1513 1598 1585 ntoncbam,
1624 1511 1658 1573 id

83 1603 251 1665 sentemiam
271 1606 409 1684 aliquam
434 1607 567 1687 appellet
587 1606 834 1687 improbabilem,
888 1608 981 1667 uetuit
993 1606 1148 1667 claritatis
1165 1605 1345 1668 Cleristrunee
1357 1625 1454 1665 cecano
1466 1623 1657 1686 :quicquan-

84 1695 124 1755 rcl
135 1695 239 1772 levem,
255 1697 364 1758 saltem
379 1699 412 1758 in
426 1699 639 1760 communiore
653 1717 756 1762 sensu.
772 1715 837 1758 nou
888 1698 928 1758 tis
942 1699 1074 1779 exposita
1090 1707 1172 1758 restet
1192 1697 1376 1772 uulneribus,
1402 1698 1521 1777 puantis
1534 1704 1655 1778 pertar-

83 1793 121 1848 cst
143 1807 277 1863 censura,
308 1790 353 1850 uti
378 1795 489 1851 notant
513 1792 643 1852 Hurtad.
672 1794 777 1870 Lago,
808 1795 838 1852 ct
888 1791 1063 1862 dationibus,
1089 1811 1171 1851 recino
1193 1810 1249 1850 non
1270 1789 1358 1866 sudet,
1374 1789 1401 1849 si
1414 1807 1542 1850 censurce
1558 1791 1658 1852 acriter

84 1881 199 1942 Oardcn.
216 1882 245 1942 in
262 1885 289 1943 l.
306 1883 380 1942 crisi
389 1881 418 1943 d.
436 1886 465 1944 O.
487 1903 515 1944 n.
542 1887 612 1944 29¹1.
624 1903 725 1963 neque
747 1885 772 1944 si
786 1902 838 1962 ap
887 1903 925 1944 cx
940 1884 1136 1957 tentamenti,
1163 1901 1229 1964 paee
1239 1881 1454 1963 propositcbnes
1468 1881 1607 1962 afficiant
1621 1882 1659 1943 ab

83 1973 163 2052 pellet
174 1973 275 2034 laxam
288 1975 322 2034 in
348 1977 560 2036 communiore
586 1995 688 2050 sensu,
706 1977 838 2054 ideoque
891 1975 1149 2050 Universitatibas,
1167 1975 1292 2036 asseris
1308 1973 1463 2036 Ordinibus
1480 1982 1533 2034 etc.
1555 1974 1658 2055 aliquo

84 2065 278 2128 dicithrdcn.
290 2067 374 2146 quod
386 2066 578 2130 levissimum
592 2087 691 2148 genus
700 2087 838 2130 censuras
887 2068 1107 2142 constitutione,
1126 2067 1170 2128 uel
1182 2067 1272 2128 tacito
1292 2085 1427 2126 remensa
1441 2073 1584 2146 receptas,
1600 2085 1659 2128 reon

84 2157 260 2238 Theologicae
284 2159 323 2220 sit
350 2160 450 2221 dicere
476 2160 695 2238 temerariam,
724 2162 839 2222 scilicet
889 2159 1063 2236 illectione,
1088 2179 1154 2240 pure
1165 2159 1414 2240 propositionibus
1435 2157 1659 2220 inuranturde-

84 2252 203 2330 proprie,
217 2253 250 2312 in
260 2271 352 2314 sensu
362 2253 465 2314 Sancti
480 2254 618 2314 Thomas.
889 2251 978 2332 fensis
1002 2271 1019 2312 a
1045 2251 1186 2334 previbus
1205 2256 1295 2312 unias
1308 2249 1442 2324 Sebolcc,
1472 2250 1589 2312 Ordinis
1602 2258 1656 2312 etc.

23 2344 66 2406 tub
116 2341 171 2421 §b
194 2346 376 2408 Prohibetur
398 2351 520 2406 tantum
541 2345 678 2408 formalis
696 2365 837 2423 censura,
885 2345 1112 2425 professoribus,
1136 2345 1190 2405 etsi
1213 2343 1305 2405 aliter
1327 2344 1457 2404 sentiant
1479 2363 1580 2424 preces
1599 2343 1660 2405 alii

84 2453 139 2495 non
150 2441 253 2499 aretem
266 2439 292 2499 si
304 2440 423 2500 dicetur
437 2438 552 2517 ahquid
576 2438 839 2514 deseutentia,ex
889 2436 1015 2517 ejusdem
1043 2435 1172 2510 Schelle,
1200 2436 1321 2498 Ordinis
1348 2445 1401 2496 etc.
1425 2435 1602 2516 Scriptores.
1627 2439 1656 2497 1.

84 2545 136 2604 quo
159 2529 263 2591 inferri
292 2530 388 2610 possit
414 2549 553 2598 censura,
583 2530 723 2608 alioquin
746 2548 839 2591 nemo
889 2529 1075 2589 innocentius
1090 2549 1179 2610 paam
1195 2528 1313 2600 viduet,
1328 2527 1421 2608 facile
1435 2527 1505 2602 fieri
1514 2547 1603 2607 posse,
1625 2533 1659 2587 nt

84 2621 197 2682 auderet
222 2623 323 2688 dicere
364 2641 452 2684 suam
484 2623 668 2684 sententiam
695 2622 794 2683 teneri
821 2641 840 2683 a
889 2639 927 2680 ex
939 2619 1126 2682 damnatione
1142 2622 1182 2682 65
1211 2619 1346 2682 Tiresiam
1359 2619 1505 2680 aliibanc
1519 2621 1565 2681 ael
1577 2621 1659 2681 illam

85 2712 239 2792 Scriptura,
255 2716 335 2776 vela
355 2716 535 2776 Tridentino
553 2715 688 2776 :namsi
710 2715 769 2775 hoo
795 2718 840 2774 cst
888 2714 1111 2794 propositionem
1128 2712 1173 2773 uel
1184 2712 1449 2793 arpurnentotiom's
1462 2713 1499 2784 ci,
1518 2713 1562 2773 ael
1575 2713 1659 2774 simi-

84 2823 189 2883 rsrum,
204 2809 344 2886 opposita
366 2807 585 2876 csthaeretiea,
613 2808 697 2885 qarod
723 2813 837 2882 tamen,
891 2805 1020 2865 titudine
1041 2804 1167 2886 pandam
1183 2805 1323 2884 inferrent
1345 2805 1434 2884 faisse
1452 2805 1658 2884 proscriptam,

83 2897 144 2973 quia
157 2897 216 2978 ipsc
229 2917 293 2959 non
308 2899 392 2972 dicit,
409 2918 466 2960 nec
472 2898 640 2959 adversarii
654 2899 837 2974 concedunt,
890 2895 1049 2958 cauendum
1057 2897 1200 2978 praecepit
1219 2897 1258 2957 ab
1277 2896 1362 2956 omni
1376 2915 1516 2972 censura,
1529 2903 1559 2957 et
1573 2903 1657 2974 nota,

83 2986 138 3066 ipsc
150 2990 239 3052 ctiam
253 3011 317 3052 non
335 2997 478 3053 censurat
487 3001 512 3052 ⁶.
890 3006 948 3049 nec
962 3007 1027 3048 nan
1043 2989 1317 3068 aquibuscumquc
1332 2988 1479 3049 conviciis
1489 2995 1598 3050 contra
1609 3007 1660 3049 cas

116 3082 263 3144 “Lamias
304 3084 335 3144 in
368 3083 549 3145 Florentinis
572 3081 839 3164 premcriclibus,
890 3076 1134 3156 propositiones,
1165 3097 1234 3156 quae
1262 3079 1363 3138 adhuc
1383 3079 1463 3139 inter
1486 3078 1660 3138 Oatlrolicos

84 3181 110 3231 at
130 3173 319 3238 Innocentani
335 3177 454 3239 Decreli
469 3175 530 3236 uim
544 3175 691 3256 essuperet,
707 3175 761 3248 nit,
777 3194 839 3236 sen-
889 3169 964 3230 hinc
977 3169 1049 3230 inde
1059 3175 1330 3232 controvertuntur
1347 3191 1354 3230 ε
1374 3189 1430 3230 uon
1447 3170 1540 3250 ipitur
1550 3189 1659 3250 propo-

84 3267 169 3326 tentiis
190 3288 324 3331 eenricus
356 3267 441 3328 inuri
469 3287 526 3327 non
548 3285 646 3348 posse,
673 3267 841 3328 auctoribus

81 3377 167 3436 [ntus
177 3359 335 3442 distinpuit
346 3368 477 3442 prestera
491 3379 637 3435 coenares,
655 3367 682 3420 et
696 3368 840 3420 ceritanie-

84 3447 130 3510 lias
145 3449 326 3534 Tbeolapieas
348 3472 438 3512 arran
464 3451 656 3532 Tbeolopicrs.
675 3449 732 3512 Sed
746 3450 840 3511 Inno-

84 3544 182 3603 centius
201 3543 448 3625 propositionibus
470 3563 605 3606 ceasuras
627 3543 737 3624 inferri
751 3564 842 3624 paam

85 3641 167 3711 cetat,
197 3635 229 3697 id
238 3683 246 3708 ,
269 3645 302 3696 ut
318 3655 357 3704 ex
376 3637 520 3697 similibus
539 3635 707 3697 Alexandri
730 3636 796 3697 VII.
813 3641 841 3696 et

84 3721 224 3785 Benedicti
248 3725 333 3787 XIV.
350 3725 605 3786 constitutionibus
624 3734 749 3794 emutat,
772 3725 841 3786 cleu-

86 3814 173 3877 ritatis
194 3817 370 3880 Christiane
398 3838 499 3879 caussa
525 3817 620 3897 facit;
652 3817 747 3878 rnalto
774 3837 842 3900 erpo

86 3908 166 3989 napis
177 3911 386 3972 sententiarum
401 3918 531 3973 auctores
545 3909 683 3983 censuris,
700 3918 726 3970 et
740 3920 841 3972 contu·

85 3999 168 4061 meliis
188 4004 269 4084 affici
291 4002 438 4082 Pontifex
462 4001 614 4064 censendas
637 4010 677 4062 est
704 4011 840 4078 uetuisse,

84 4102 234 4167 presertim
249 4111 339 4172 quarn
353 4111 482 4153 censurae
498 4093 529 4153 in
542 4099 671 4152 auctores
683 4092 722 4152 ad
733 4101 843 4153 saterr-

87 4180 134 4241 tias
147 4183 220 4262 ipsas
234 4183 420 4261 relabantur,
442 4185 493 4244 ubi
508 4204 566 4244 non
580 4183 646 4244 alia
669 4183 703 4244 de
719 4203 840 4264 caussa,

86 4290 163 4350 paam
187 4275 219 4337 ob
240 4275 292 4336 bas
318 4276 417 4336 illusae
438 4288 643 4357 propapnatas
669 4277 839 4350 sententias,

86 4381 192 4430 tenuere
206 4367 386 4430 Auctoribus
401 4368 563 4448 inflipitur.
580 4367 742 4428 Distinelio
752 4387 843 4448 porro

88 4455 135 4520 illa
146 4479 339 4526 censurarum.
359 4469 384 4520 et
399 4459 635 4520 contumeliarum
653 4459 842 4540 l'beolopica-

88 4569 173 4613 runca
189 4573 243 4614 non
258 4552 432 4634 Theolopieis
441 4561 540 4633 aperte
547 4557 666 4632 pupnat
675 4571 741 4612 curn
751 4553 842 4612 lareo-

87 4645 202 4706 tentiano
212 4647 342 4708 Drercto.
359 4643 439 4706 Nora
454 4643 633 4724 Theolopicee
648 4643 765 4725 peridem
776 4664 839 4706 eerr-

87 4751 153 4796 saroe
165 4737 232 4800 alite
245 4747 312 4800 sunt
327 4757 414 4798 anon
429 4738 455 4796 T
453 4736 611 4816 beolepicis
619 4755 632 4812 ,·
644 4736 693 4798 scd
702 4737 767 4816 puis
774 4756 840 4797 con-

89 4829 208 4890 ramelias
221 4831 421 4909 theologicas
434 4829 546 4890 audiuit
563 4829 725 4908 umquam?
749 4829 841 4890 Immo

889 3261 1007 3322 silr'ones
1034 3261 1186 3323 intellexit
1214 3262 1251 3322 ab
1282 3261 1527 3324 lJm'aersitatibas
1548 3270 1600 3322 etc.
1630 3262 1661 3324 in

893 3353 918 3416 C
918 3355 1071 3416 oneiniuno
1080 3373 1161 3414 sensu
1166 3362 1379 3436 propupnalas‚
1394 3357 1557 3416 scutrarum
1577 3355 1660 3416 simi·

892 3445 941 3522 les,
957 3465 1030 3527 qaas
1049 3447 1108 3528 ipse
1121 3447 1283 3520 darnnauit,
1308 3455 1509 3527 purpurante
1531 3447 1660 3529 Pontifi-

890 3542 967 3598 cium
985 3537 1127 3599 decretam
1138 3538 1229 3599 libere
1242 3527 1543 3600 controvertebanlur.
1556 3542 1584 3600 3.
1601 3540 1661 3600 Gur

891 3631 973 3690 inter
988 3631 1160 3691 Catholicos
1172 3630 1252 3692 dixit
1262 3630 1415 3712 Pontifex,
1432 3651 1489 3692 non
1500 3632 1529 3691 in
1544 3633 1661 3694 Scholis

893 3723 1081 3784 Catholicis?
1107 3722 1210 3785 bladus
1231 3723 1278 3784 bic
1303 3732 1380 3784 certe
1407 3723 1553 3804 loquendi,
1573 3725 1601 3784 si
1629 3725 1663 3785 in

893 3815 991 3895 ripere
1003 3823 1149 3891 sumatur,
1170 3815 1205 3877 de
1219 3815 1373 3892 doctrinis,
1385 3815 1420 3876 de
1433 3814 1538 3896 quibus
1554 3815 1661 3878 Catho-

892 3907 946 3968 lici
959 3916 1090 3969 auctcres
1109 3909 1168 3969 siae
1190 3909 1245 3970 uni
1267 3907 1375 3969 sobole
1388 3907 1504 3970 addicti
1515 3909 1588 3984 sint,
1604 3910 1663 3972 sinc

891 3999 974 4060 nulli
989 4000 1064 4060 iuter
1091 4019 1119 4060 sc
1132 3999 1307 4080 disceptant,
1328 3999 1514 4080 accipiendus
1525 4006 1589 4075 est;
1615 4000 1664 4062 sed

891 4089 969 4150 nibil
982 4093 1086 4167 obstat,
1096 4093 1250 4172 pnmninus
1266 4092 1298 4151 in
1308 4092 1565 4172 riporcsumalur:
1581 4112 1660 4175 erpo.

893 4186 922 4242 l.
943 4183 1113 4244 Benedictus
1132 4181 1215 4244 XIV
1244 4182 1408 4243 Innocentii
1428 4183 1552 4265 uestipiis
1568 4184 1661 4247 inbre-

893 4294 959 4334 reas
969 4275 1074 4337 statuit
1090 4275 1121 4335 in
1136 4274 1297 4356 Eucpclicu
1311 4274 1345 4334 de
1357 4293 1458 4351 usuro,
1473 4276 1545 4336 atsi
1558 4278 1662 4358 dispu-

891 4369 967 4428 tatio
980 4369 1130 4446 insurgat,
1144 4368 1220 4428 dum
1235 4373 1410 4428 contractus
1422 4369 1532 4448 uliquis
1547 4371 1580 4430 in
1595 4389 1665 4432 exa-

893 4479 966 4522 men
980 4461 1153 4535 adducitur,
1177 4461 1271 4521 nullae
1282 4461 1412 4521 omnino
1422 4463 1617 4525 contumeliae
1630 4465 1664 4524 in

894 4572 946 4614 cos
960 4554 1189 4632 contingantur,
1212 4553 1266 4632 qui
1280 4553 1465 4614 contrariom
1480 4557 1665 4618 sententiam

889 4651 1073 4725 sequuntur,
1085 4663 1186 4724 neque
1197 4644 1281 4705 illam
1293 4645 1439 4724 gravibus
1461 4649 1596 4708 censuris
1611 4666 1665 4710 no

890 4738 1018 4800 tandem
1044 4744 1181 4800 asserant
1204 4783 1211 4798 .
1238 4785 1244 4798 .
1270 4785 1276 4800 .
1321 4739 1472 4817 siquidem
1502 4741 1662 4817 convicia,

891 4837 983 4911 atquc
997 4831 1120 4909 injuriae
1137 4831 1296 4891 vinculum
1323 4831 1505 4892 Christianae
1525 4833 1665 4893 Charita-

90 4934 146 4978 ocro
159 4925 298 5002 quamsit
313 4921 466 5002 Pontifex,
480 4927 607 4982 caveant
619 4921 658 4981 ab
669 4922 755 4981 omni
770 4941 841 4982 cen·
891 4923 931 4984 tis
949 4925 1134 5004 infringunt.
1155 4922 1411 5000 'Quaeroebnodam
1436 4924 1529 5004 ipitur
1551 4924 1665 4985 euidens

89 5027 163 5088 sura,
182 5022 211 5076 ct
229 5022 319 5092 nota,
348 5016 424 5076 NEC
450 5015 529 5076 NON
554 5033 572 5075 a
597 5015 842 5094 quibuscumque
892 5022 942 5092 est,
963 5035 1020 5075 uon
1044 5015 1124 5097 loqui
1143 5015 1334 5078 Benedictarn
1358 5015 1392 5076 de
1414 5017 1664 5097 propositioru'bus

89 5105 227 5182 conviciis,
243 5125 336 5168 nonne
350 5125 484 5169 censuras
494 5153 503 5183 ,
522 5115 547 5168 et
562 5116 642 5166 erotus
659 5105 842 5186 Tlreolopieas
892 5107 929 5167 ab
948 5106 1164 5184 Uniucrsitatc,
1193 5107 1320 5183 Scboln,
1353 5107 1463 5169 Ordine
1486 5117 1537 5170 ete.
1562 5109 1664 5190 defen-

87 5196 216 5274 primum,
237 5198 339 5260 deinde
352 5199 503 5273 conuicia,
527 5217 574 5258 seu
599 5197 787 5259 contumelias
809 5207 840 5258 at
891 5199 952 5268 sis,
981 5197 1031 5259 sed
1061 5201 1219 5262 universim
1246 5200 1280 5262 de
1306 5201 1554 5281 propositionibus
1576 5202 1664 5262 etiarn

90 5286 152 5362 qaid
175 5289 208 5352 ab
235 5291 298 5351 illis
326 5291 444 5350 ourreino
477 5290 624 5350 diuersam
652 5289 755 5350 uetat?
784 5287 844 5350 Sed
893 5290 924 5350 in
947 5291 1096 5370 sinpulari
1123 5293 1266 5373 quapiam
1289 5292 1433 5366 materie,
1460 5292 1665 5373 cujuscumque

89 5376 185 5440 loanni
197 5382 301 5443 Lamia
315 5382 347 5442 in
364 5381 542 5462 l'beolopicis
558 5380 843 5442 stadiisncmudrno-
892 5383 950 5444 sint
987 5383 1132 5446 Catholici
1159 5383 1346 5466 Scriptoris.
1394 5384 1436 5444 itn
1470 5385 1575 5466 creperi
1606 5403 1665 5447 non

90 5467 148 5532 dun
179 5480 288 5536 cereata
313 5475 427 5535 ueniam
452 5473 561 5534 dunas.
593 5473 665 5548 Quis
690 5473 785 5552 ferat,
802 5473 841 5534 P.
891 5481 1004 5556 polest,
1029 5475 1231 5536 lrrruocentiarn
1258 5475 1343 5536 aliter
1368 5475 1580 5556 explicandum
1606 5496 1667 5540 non

94 5559 246 5642 Coruinum,
264 5565 449 5645 l'lecalopurn,
465 5585 499 5625 ac
514 5565 682 5644 Tlreolopiee
697 5565 844 5628 Cbristia·
893 5586 960 5628 esse.
