3938 6338
546 435 597 497 1111
616 435 721 498 Locis
741 433 910 499 ebullis
932 433 1173 496 THEOLOGIAE.
1596 433 1653 494 201

92 609 157 666 rent
175 603 275 682 Neque
296 600 440 664 audiendi
460 601 642 678 Lutbcreni,
660 601 743 681 iique
756 601 837 662 inter
885 601 965 662 Nam
976 600 1127 680 ejusmodi
1139 600 1388 664 Concilieerrare
1398 599 1502 662 infide
1512 605 1654 682 possunt,

91 697 253 760 recentiores
265 694 468 756 anseniancs
480 694 693 776 perditissimi,
708 694 762 774 qui
777 713 835 755 no·
885 699 921 754 ut
934 711 953 754 a
966 695 1062 769 Cano,
1079 693 1405 770 Bellarmiuo,Susrio,
1420 693 1549 773 aliisque
1558 693 1656 754 Theo-

90 807 152 850 666
162 787 336 865 Concilium,
355 792 448 866 atque
468 787 614 848 omnibus
627 792 710 849 retro
725 786 837 849 seculis
885 785 962 864 logis
976 785 1222 849 demonstratum
1235 787 1357 868 pridem
1371 791 1426 863 cst,
1434 805 1473 848 ex
1480 785 1656 849 certissimis

88 879 245 942 mauditum
268 879 435 960 appellant,
465 879 520 940 ubi
547 897 612 940 non
633 879 784 960 Episcopi,
807 883 838 940 ct
885 877 1072 950 Pontificum
1086 881 1315 954 Romanorum,
1328 881 1528 960 ipsorumque
1542 878 1654 942 Conci-

90 972 250 1036 Saeculotes
258 972 296 1034 de
305 971 375 1033 fidei
391 971 612 1050 questionibus
618 971 768 1050 judicent,
784 971 838 1034 scd
885 969 1000 1032 116666
1017 972 1210 1034 testimoniis.
1228 972 1306 1045 Quid
1320 990 1394 1052 ergo
1409 972 1536 1048 mirum,
1553 989 1657 1032 errare

4 1133 6 1142 ,
87 1065 230 1128 beicorum
247 1063 350 1125 turba.
374 1064 452 1125 Vide
475 1064 593 1124 Caniim
611 1063 666 1126 lib.
683 1065 711 1124 5.
726 1081 792 1143 cap.
804 1066 833 1125 2.
886 1061 940 1124 illa
953 1082 1042 1144 posse
1059 1064 1093 1124 in
1110 1081 1235 1124 morum
1253 1063 1415 1126 doctrina?
1432 1063 1656 1126 Sedextribus

87 1155 834 1236 Β61166611661611606661111161.66666116.
888 1154 1130 1218 Provincialibus
1152 1155 1296 1218 Consiliis
1322 1157 1499 1237 exemplum
1520 1157 1652 1237 profero.

87 1247 838 1312 61116661661686166666616661666161666166611
887 1248 1125 1311 Matrimonium
1151 1249 1295 1320 naturali,
1321 1255 1352 1310 ct
1379 1249 1574 1329 Evangelica,
1603 1255 1658 1310 aut

4 1345 6 1386 ἰ
85 1341 146 1421 25.
164 1343 210 1402 61.
887 1344 969 1400 certe
997 1341 1055 1402 bac
1076 1341 1171 1402 altera
1193 1341 1260 1420 lege
1284 1341 1407 1402 dissolvi
1423 1360 1487 1402 666
1501 1360 1600 1423 posse,
1616 1361 1657 1404 ue

119 1434 197 1507 Quod
210 1451 284 1494 vero
302 1434 341 1494 ad
356 1432 567 1494 Consiliorum
582 1451 698 1512 genera
709 1438 835 1512 spectat,
887 1450 943 1512 per
956 1433 1144 1494 adulterium
1163 1433 1289 1512 quidem
1306 1434 1484 1496 alterutrius
1502 1435 1654 1514 conjugis,

85 1543 115 1586 ca
135 1525 293 1586 Gratianus
315 1527 344 1586 3.
368 1523 434 1585 dest
459 1543 502 1587 co.
520 1525 634 1606 1169616
648 1543 681 1586 eo
697 1525 839 1586 bifariam
887 1528 1005 1586 certum
1018 1526 1122 1598 hebet,
1138 1525 1325 1604 firmumque
1341 1527 1498 1588 Catholice
1510 1526 1653 1589 Ecclesia.

84 1618 259 1698 pertitur,in
272 1617 446 1690 Generalis,
462 1623 493 1679 et
507 1617 716 1693 Provinciolia,
726 1617 838 1696 quibus
887 1618 1047 1679 Adulterio
1072 1624 1177 1680 tamen
1205 1618 1328 1680 dissolvi
1355 1637 1444 1700 posse
1462 1619 1653 1698 conjugium,

85 1711 174 1772 Canus
199 1729 265 1790 cap.
291 1713 320 1773 3.
344 1710 400 1772 lib.
423 1713 452 1772 5.
474 1711 512 1772 de
537 1709 621 1771 Locis
648 1709 837 1791 Tleclopicie,
887 1711 1546 1792 statuitAnglicenaSynodusapudBedam
1559 1711 1652 1774 libr.

84 1803 263 1884 Episcopalia
275 1802 369 1864 addit.
388 1803 609 1882 Receptissima
622 1803 714 1864 hodie
728 1801 839 1863 divisio
887 1801 957 1862 hist.
985 1821 1050 1882 cap.
1081 1807 1109 1864 5.
1139 1803 1189 1864 cui
1212 1804 1361 1864 accedunt
1378 1803 1615 1880 Suessionensis,
1627 1810 1658 1866 et

84 1900 129 1968 cst,
151 1914 219 1974 quoe
239 1896 381 1976 Synodos
403 1895 437 1956 in
458 1895 632 1966 denecales,
649 1895 837 1973 Nationcles,
888 1894 1110 1956 vermeriensia
1124 1895 1180 1956 sub
1195 1897 1307 1976 Pipino
1322 1897 1408 1975 Rege
1422 1901 1530 1957 octavo
1544 1897 1657 1957 saeculo

84 1988 286 2062 Provineieles,
300 1994 331 2049 et
340 1989 530 2050 Dioecesones
543 1988 661 2048 tribuit.
674 1987 840 2049 denecales
888 1985 1059 2048 celebratae.
1079 1988 1188 2049 Reddo
1202 1989 1417 2050 vermeriense
1432 1989 1611 2068 Capitulum
1624 1991 1654 2052 2.

82 2079 210 2154 dicimus,
223 2081 264 2140 ad
277 2097 354 2160 quas
365 2080 503 2141 Romani
516 2078 670 2140 Pontifieis
679 2079 839 2140 vocatione
888 2077 926 2140 Si
933 2077 1042 2160 6116616
1054 2097 1119 2140 com
1129 2077 1262 2160 filiastro
1273 2099 1325 2141 sca
1335 2088 1441 2156 monet,
1453 2099 1503 2141 aee
1514 2080 1655 2156 Matrem,

82 2189 189 2249 omnes,
211 2177 268 2233 aut
287 2171 440 2252 praecipuo
454 2171 698 2232 Christianorum
712 2171 837 2250 Episco-
888 2169 1658 2253 666111116661616666166161666.Ν661116,6661116

81 2281 182 2342 porum
202 2283 286 2344 pars,
310 2268 547 2342 congregantur.
574 2262 840 2324 Ν611666116066-
887 2261 1032 2324 Fr'lr'artro
1047 2262 1119 2324 olr'r's
1136 2282 1164 2324 rc
1180 2264 1332 2344 potueriat
1343 2265 1517 2346 conjcrrpere
1530 2264 1588 2326 6116
1602 2283 1658 2326 un·

81 2356 142 2418 cilia
154 2362 236 2434 sunt,
250 2375 323 2418 cum
334 2376 354 2418 a
367 2355 622 2418 Primateomncs
633 2355 725 2416 unius
735 2357 836 2434 regui,
887 2373 976 2436 quom
991 2362 1129 2436 tempore.
1145 2356 1284 2418 Attamen
1297 2375 1375 2418 recor
1396 2357 1472 2435 ejus,
1499 2357 1527 2418 ei
1551 2358 1597 2420 ito
1611 2377 1659 2420 66

81 2465 111 2508 oc
125 2448 255 2511 nationis
276 2448 442 2510 Pontifices
459 2452 624 2527 coguntur,
646 2452 693 2508 uti
715 2465 785 2527 quae
799 2447 839 2509 ab
889 2446 1000 2515 luerit:
1011 2449 1039 2508 si
1046 2466 1074 2510 se
1087 2448 1230 2510 rectinere
1242 2467 1299 2509 ror
1311 2456 1403 2531 potest
1410 2469 1422 2518 ,·
1435 2449 1658 2532 eipooteoqoam

81 2541 162 2603 nnius
186 2542 360 2603 Provincia
387 2541 542 2621 Episcopis
568 2540 839 2620 aMetropolitano
888 2540 1033 2619 copoom't,
1050 2538 1128 2621 qood
1142 2558 1208 2602 com
1235 2539 1303 2622 filio
1327 2560 1382 2602 cuo
1403 2541 1452 2602 vir
1471 2542 1534 2623 ejus
1548 2541 1658 2622 [61116

80 2634 201 2696 acutis
225 2635 431 2711 celebrentur,
459 2631 664 2694 Provincialia
683 2633 840 2695 consuevi·
889 2630 1046 2708 adulterio,
1075 2633 1191 2694 cernale
1218 2634 1420 2696 commercium
1448 2652 1514 2696 eom
1541 2653 1572 2696 eo
1599 2653 1657 2696 aaa

79 2742 142 2786 mus
157 2727 323 2807 appellare.
345 2726 484 2788 Tandem
498 2725 676 2788 Dioecesana
693 2730 766 2786 sunt
780 2725 840 2802 Sy·
889 2721 984 2792 habet,
999 2723 1358 2794 nisc'oolcrtoteobstiaet.
1368 2734 1464 2808 potest
1476 2725 1656 2790 clc'r‘aubere.

79 2819 145 2879 nodi
163 2820 377 2891 Sacerdotum,
401 2836 471 2898 ques
484 2817 524 2878 ab
539 2816 695 2896 Episcopis
712 2817 840 2896 singulis
890 2817 996 2896 Neque
1010 2817 1048 2878 de
1062 2818 1211 2880 adulterio
1221 2818 1281 2880 hoc
1294 2818 1395 2880 solum
1409 2819 1516 2880 statuit
1529 2821 1658 2882 116666-

78 2908 841 2990 insuallioeeesihnbcrisolentobprivatassingu-
889 2908 991 2970 riense
1025 2909 1204 2972 Concilium.
1241 2911 1322 2972 Audi
1355 2929 1417 2991 quo
1443 2913 1659 2991 progrediatur

77 3001 171 3064 lerum
184 3004 392 3066 Emlcsiarum
403 3021 534 3072 caussas.
891 3000 1029 3080 ejusdem
1044 3001 1173 3063 Consilii
1188 3003 1366 3082 Capitulum
1378 3002 1538 3082 quintum:
1555 3003 1594 3066 Si
1600 3024 1658 3085 qao

113 3095 174 3157 ileo
200 3097 352 3158 divisione
374 3095 483 3176 posita,
505 3100 536 3156 et
554 3095 695 3156 omnium
713 3113 841 3157 assensu
890 3091 994 3154 mulier
1013 3093 1657 3158 6166166616661661611166116111616161-

77 3188 251 3268 approbata,
262 3189 358 3250 altera
368 3188 536 3250 assumitur
545 3187 763 3266 Conciliorum,
778 3189 841 3250 sive
889 3184 984 3262 cibos,
1005 3193 1031 3246 et
1053 3185 1113 3266 ipm
1132 3185 1177 3247 cir
1191 3186 1282 3266 ipsias
1300 3184 1429 3248 domines
1442 3205 1471 3248 se
1484 3185 1659 3267 defendendo

79 3281 281 3354 (tancredum,
304 3282 368 3343 sive
390 3279 611 3356 Nationalium,
632 3281 695 3340 sive
709 3281 840 3341 Provin-
890 3275 1038 3354 occiderat,
1059 3283 1087 3338 ct
1108 3275 1162 3338 loo
1176 3276 1303 3358 probare
1319 3285 1422 3359 potest,
1439 3277 1494 3340 itte
1512 3279 1558 3340 or'r
1568 3287 1659 3361 potest

77 3371 207 3448 edulium,
238 3374 302 3436 sive
329 3374 592 3448 Dioecesanorum,
612 3373 757 3451 quaedam
775 3391 840 3434 esse
891 3369 1119 3452 epicuraeorum
1142 3368 1299 3445 dimittere,
1325 3372 1392 3434 etsi
1413 3371 1551 3446 coluerit,
1565 3372 1658 3435 olebm

77 3471 257 3546 congregata
290 3464 428 3526 Romani
460 3463 619 3526 Pontificis
645 3464 839 3544 aucmritute,
890 3461 1032 3542 occipiat.

75 3557 130 3620 alic
141 3577 217 3621 rem
235 3576 301 3618 non
318 3557 405 3619 item.
428 3559 568 3618 Rursum
585 3556 646 3618 alia
659 3556 841 3620 confirmata
934 3551 1032 3616 Ceam
1047 3555 1085 3616 Il.
1108 3555 1244 3631 Consilia
1258 3575 1473 3637 quaecumque,
1489 3558 1543 3620 sed
1558 3559 1657 3620 Gene-

75 3651 197 3712 suntab
219 3652 330 3713 ecdem
345 3651 485 3712 Romano
513 3649 670 3726 Pontifice,
690 3649 750 3712 alia
767 3667 840 3712 vero
889 3646 967 3708 ralia
989 3648 1171 3728 presertim,
1200 3667 1270 3728 quae
1296 3648 1457 3724 Pontificio
1480 3651 1658 3722 auctoritate

75 3742 445 3805 nouabeoconfirmata.
890 3739 1071 3808 confirmatu
1086 3746 1168 3815 scint,
1192 3741 1554 3819 certissimamdoctrincc
1569 3761 1659 3823 regu·

111 3836 183 3897 Tria
196 3842 302 3898 sutem
315 3835 350 3896 in
362 3835 499 3914 quolibet
510 3835 647 3897 Concilio
661 3835 840 3915 pertractari
889 3831 953 3892 lam
966 3832 1107 3913 praebent
1123 3833 1231 3894 Murali
1251 3833 1417 3912 Theologo.
1441 3835 1526 3896 Inter
1541 3836 1656 3906 1116666-

75 3935 269 4007 poscentes
290 3926 416 4004 scilicet,
435 3945 506 4007 qum
527 3927 567 3987 ad
585 3927 702 4003 Fidem,
722 3945 834 4004 mores,
890 3943 965 3986 sana
993 3925 1128 3986 Concilia
1150 3942 1168 3984 o
1196 3927 1341 3988 Romano
1359 3925 1509 4004 Pontifice
1529 3927 1659 4007 probata

74 4026 162 4100 etque
197 4021 438 4082 Emlesiesticam
467 4019 660 4098 disciplinam
689 4025 835 4099 spectant.
889 4021 1030 4092 censetur
1056 4016 1272 4096 Complutensc
1294 4017 1351 4079 snb
1370 4019 1527 4098 Alphonso
1544 4020 1657 4082 Carillo

75 4112 284 4178 Quamobrem
307 4111 516 4173 Conciliorum
537 4129 671 4172 canones
690 4112 742 4172 alii
756 4111 841 4173 Fidei
888 4109 1126 4189 Arebiepiscopo
1153 4109 1313 4187 Toletano,
1341 4110 1395 4170 ubi
1422 4111 1588 4172 damnatus
1613 4117 1659 4174 est

74 4209 153 4280 sunt,
165 4203 280 4283 quibus
292 4221 406 4283 nempe
420 4223 489 4283 quae
503 4204 655 4265 credenda
668 4205 739 4280 sint,
755 4223 838 4283 ques·
888 4203 1035 4282 Magister
1062 4201 1188 4282 quidam
1218 4203 1408 4276 oxomensis,
1435 4203 1489 4282 qui
1518 4203 1594 4266 falso
1619 4206 1658 4267 de

75 4297 231 4374 queatide
243 4296 412 4357 abdicanda
420 4295 692 4371 definiuntur;alii
702 4313 838 4372 morum,
889 4294 1035 4370 clavibus,
1043 4300 1074 4355 et
1084 4295 1283 4355 Sacramenta
1292 4295 1486 4356 Poenitcntiae
1495 4297 1654 4362 sentiebat.

74 4389 124 4468 qui
137 4405 210 4468 quer
222 4387 342 4464 agenda
359 4388 431 4464 sint,
454 4394 510 4448 aut
526 4386 683 4464 fugienda,
704 4389 837 4462 docent;
890 4387 973 4450 luter
986 4386 1191 4449 Provinciulia
1205 4405 1290 4463 vero,
1306 4392 1337 4450 et
1350 4389 1535 4466 Nationclio,
1546 4395 1659 4470 practer

73 4479 124 4540 olii
136 4481 265 4541 demum
280 4479 460 4559 discipline,
477 4480 590 4560 quibus
604 4481 841 4543 consuetudines
889 4479 1065 4560 antiquiora
1083 4479 1136 4539 illa
1153 4479 1312 4556 Toletana,
1327 4479 1530 4557 Arelatensis,
1547 4483 1656 4564 Hispa-

73 4571 112 4632 ad
133 4573 342 4635 Ecclesiarum
366 4573 516 4652 regimen.
540 4579 571 4634 et
589 4573 731 4634 ordinem
749 4574 842 4656 aptis·
889 4571 1005 4649 lensia,
1030 4575 1105 4638 etc..
1140 4571 1211 4632 lieet
1237 4589 1302 4632 non
1329 4589 1485 4653 expresse,
1512 4573 1659 4654 implicite

73 4663 157 4728 simae
172 4665 412 4728 constituuntur.
889 4669 995 4724 tamen
1014 4663 1053 4724 ab
1074 4663 1206 4724 Ecclesia
1225 4663 1346 4726 silentio
1368 4683 1424 4726 suo
1439 4665 1578 4745 probata,
1596 4670 1659 4729 An-

73 4932 117 4996 De
129 4953 199 4996 cero
213 4953 265 4995 eser
279 4933 477 4996 Consiliorum
497 4933 530 4994 in
543 4933 657 4996 Meroli
675 4934 839 5018 Tbeolcpr'o.
889 4942 942 5003 IV.
959 4943 1009 5002 20.
1026 4940 1095 5002 dist.
1112 4959 1157 5004 ca.
1174 4941 1212 5002 de
1227 4939 1531 5003 libellisccnfirmato
1543 4941 1659 5004 haben-

113 5025 219 5089 Conon
244 5027 267 5088 1.
295 5026 431 5087 Concilio
458 5027 580 5100 omnia,
610 5045 680 5106 quse
705 5030 842 5092 Romani
888 5037 950 5106 tur,
968 5037 1103 5114 stqrreut
1117 5051 1155 5093 ex
1168 5033 1391 5094 recentioribus
1400 5034 1577 5115 exemplum
1589 5053 1659 5114 pro-

73 5117 233 5180 Pontificis
251 5118 444 5191 auctoritate,
469 5135 526 5178 nec
560 5129 756 5198 congregata,
785 5141 843 5184 uec
888 5123 996 5196 seram,
1019 5127 1199 5186 'lbrrouense
1222 5126 1300 5186 16113
1322 5125 1465 5204 probavit
1492 5127 1658 5204 Gregorius

73 5210 257 5272 confirmata
279 5215 362 5278 sunt.
387 5227 489 5272 errare
511 5210 543 5272 in
563 5211 842 5275 doctrina-morum
889 5217 970 5278 XllI.
989 5217 1210 5278 Ebredunense
1224 5235 1253 5277 6.
1270 5217 1347 5276 1727
1374 5217 1561 5278 Benedictus
1570 5219 1654 5280 Xlll.

73 5301 215 5383 pessunt,
237 5306 329 5380 atque
349 5301 425 5363 edeo
441 5309 556 5363 certam
569 5302 665 5364 iidem
678 5303 778 5366 facere
790 5325 843 5368 ne
889 5309 1005 5370 Montis
1019 5308 1129 5370 Libani
1147 5308 1332 5369 Benedictus
1346 5309 1429 5370 XlV.
1450 5309 1591 5370 Ceterum
1605 5328 1657 5372 vc-

73 5399 197 5474 qucum
221 5410 341 5470 corum,
364 5411 434 5473 quoe
461 5396 579 5475 agenda
595 5401 679 5472 sunt,
696 5397 840 5459 6616116-
889 5402 1012 5462 ritatem
1037 5401 1131 5481 hujus
1158 5400 1320 5478 canonicis
1348 5401 1479 5487 probant
1500 5419 1659 5462 sacrarum

73 5487 199 5568 giendo,
607 5531 612 5542 ·
889 5495 1167 5555 corrtroversiarum
1184 5492 1364 5570 Scriptores,
1378 5509 1455 5572 quos
1469 5493 1529 5554 adi.

115 5581 150 5641 ld
167 5597 241 5641 sene
256 5578 370 5640 invicta
381 5578 500 5641 rodone
513 5580 719 5642 demonstrari
730 5587 840 5662 potest.
931 5587 1031 5648 Canon
1045 5586 1097 5646 111.
1127 5587 1173 5646 Ex
1188 5584 1342 5661 Consiliis,
1361 5601 1430 5664 quae
1451 5584 1579 5663 probata
1593 5587 1660 5664 qui-
