4200 6348
44 808 45 813 †
124 1231 125 1236 ψ
243 1019 664 1138 rnlocrscus
731 1020 1073 1140 eunomus
1145 949 1722 1136 Znhletth

788 1303 817 1398 ,E
837 1335 1048 1399 sommare
1065 1333 1158 1400 insu

632 1595 1310 1744 LECTORI

929 1927 964 1998 S.
990 1925 1029 2000 D.

817 2201 1144 2214 t-——n-—uu———u—

229 2471 262 2544 Si
290 2465 373 2542 illud
402 2488 521 2544 verum
547 2475 612 2554 est,
636 2469 727 2560 quod
753 2489 902 2560 nuperus
925 2468 1064 2560 quidam
1092 2469 1236 2558 scriptor
1259 2469 1418 2553 asseruit,
1451 2471 1612 2542 casuistas
1641 2491 1766 2562 passim

189 2595 382 2688 contemptui
399 2616 485 2680 esse,
505 2594 718 2686 explodique,
742 2602 898 2666 revocata
912 2593 1061 2677 tandem,
1085 2593 1112 2665 si
1133 2593 1265 2684 superis
1284 2594 1404 2684 placet,
1433 2595 1570 2666 Petrum
1585 2595 1767 2687 Theologia

188 2717 217 2791 in
229 2719 498 2794 orthodoxorum
514 2718 658 2800 scholas,
685 2717 776 2790 unde
796 2717 888 2788 illam
910 2718 1082 2810 expulerat
1105 2716 1229 2808 ingenii
1250 2717 1440 2788 ostentandi
1465 2718 1583 2802 libido,
1612 2729 1646 2790 et
1663 2741 1765 2811 quam

188 2845 418 2917 sententiarum
438 2843 566 2915 noritas
581 2860 702 2934 parere
716 2843 891 2914 consuevit
906 2841 996 2934 apud
1013 2843 1187 2932 imperitos
1206 2839 1372 2924 homines,
1401 2841 1489 2932 apud
1506 2841 1665 2914 scelestos
1684 2864 1764 2916 uero

189 2969 371 3042 eammdem
391 2989 458 3060 quo
483 2965 719 3058 perniciosior,
744 2985 784 3038 eo
804 2966 930 3056 gratior
951 2966 1096 3036 suavitas
1125 2963 1289 3056 quedam,
1317 2974 1349 3036 et
1372 2963 1593 3056 indulgentia,
1618 2966 1765 3058 gloriolae

187 3093 419 3186 consequendae
441 3112 553 3178 amor3
577 3099 688 3162 actum
704 3088 746 3161 de
767 3089 864 3160 nobis
880 3098 941 3173 est,
961 3089 1019 3181 qui
1031 3091 1243 3161 casuisticem
1258 3091 1473 3182 Theologiam
1489 3091 1543 3163 hic
1555 3094 1761 3168 exhibemus.

185 3215 298 3290 ltnon
313 3239 386 3291 esse
406 3237 466 3289 cur
487 3214 569 3287 tanti
591 3215 650 3286 fiat
668 3213 796 3286 dictum
821 3213 910 3286 istud
933 3213 1081 3286 hominis
1106 3215 1217 3286 studio
1241 3217 1388 3306 partium
1408 3216 1482 3308 plns
1502 3217 1593 3309 justo
1617 3219 1760 3313 abrepti,

184 3339 259 3432 ipsa,
285 3361 386 3435 quam
404 3341 551 3433 appellat
568 3339 636 3422 ille,
660 3339 867 3429 experientia
886 3338 995 3410 docet.
1021 3338 1184 3410 Videmus
1213 3343 1304 3413 enim
1329 3343 1554 3434 typographos
1578 3346 1762 3421 etiamnum

182 3465 256 3536 nihil
270 3462 439 3558 antiquius
454 3463 590 3546 habere,
614 3483 715 3554 quam
725 3471 762 3534 ut
777 3464 999 3534 casuistarum
1014 3463 1179 3534 editiones
1194 3473 1326 3547 curent,
1349 3465 1651 3560 multiplicentque.
1675 3473 1762 3544 Pace

180 3590 273 3680 igitur
290 3590 349 3660 viri
369 3590 472 3672 illius,
499 3587 596 3679 cujus
615 3586 744 3658 nomini
763 3586 971 3676 parcendum
991 3587 1129 3657 omnino
1154 3586 1319 3670 existimo,
1344 3588 1494 3661 laborem
1518 3591 1608 3664 hunc
1632 3614 1758 3680 meum,

181 3715 297 3806 optime
315 3717 448 3797 Lector,
466 3731 577 3804 neque
592 3707 815 3802 injucundum
836 3709 908 3793 tibi,
931 3729 1042 3802 neque
1058 3709 1211 3781 inutilem
1226 3710 1376 3784 luturum
1393 3735 1503 3805 spero.
1516 3716 1601 3787 Cum
1616 3719 1763 3791 celeber·

180 3838 276 3912 umus
294 3842 328 3911 P.
349 3837 511 3910 Claudius
534 3834 700 3906 La-Croix
713 3853 767 3903 an.
787 3851 917 3905 nnoovrr
936 3832 1084 3905 Coloniae
1109 3855 1208 3904 suurn
1228 3835 1262 3904 in
1283 3834 1317 3906 P.
1336 3835 1562 3910 Rusembaum
1581 3843 1762 3916 Medullum

179 3963 451 4036 commentarium
467 3959 595 4042 ederet,
613 3958 681 4029 haec
702 3956 913 4048 praeiabatur.
988 3947 992 3954 ’
1663 3947 1666 3952 ’

228 4117 239 4150 ι
261 4087 379 4158 Paucis
389 4095 422 4157 te
436 4083 523 4167 volo,
541 4082 659 4153 hmice
680 4081 811 4163 Lector,
826 4079 1022 4163 admonere,
1040 4089 1078 4150 nt
1089 4089 1121 4151 et
1135 4080 1265 4151 consilii
1282 4083 1348 4154 mei
1364 4084 1543 4170 rationem,
1559 4095 1592 4158 et
1609 4090 1758 4162 scriben-

179 4210 291 4284 dorum
310 4209 478 4290 ordinem,
500 4207 707 4296 modumque
719 4203 854 4274 habeas.

227 4335 268 4430 «g
284 4336 315 4406 l.
335 4333 545 4426 Opusculum
558 4329 623 4401 boc
648 4336 699 4400 est
721 4326 988 4398 additamentum
1004 4325 1044 4398 ad
1061 4326 1242 4398 Medullum
1264 4329 1301 4398 ll.
1324 4328 1432 4400 Patris
1445 4330 1684 4420 Busembaum,
1715 4337 1758 4410 de

178 4475 238 4550 que
256 4455 439 4532 Nathanael
462 4454 631 4529 Sotnellus
654 4453 688 4523 in
708 4449 906 4522 Bibliotheca
932 4453 1127 4544 scriptorum
1156 4451 1224 4524 Soc.
1244 4453 1321 4526 locu
1341 4455 1386 4526 ita
1405 4454 1507 4528 habet
1520 4481 1528 4528 :
1541 4460 1757 4536 Hermaunus

178 4583 406 4669 Busembaum,
424 4583 561 4656 natione
575 4583 775 4666 Germanus
795 4584 903 4675 patria
922 4581 1124 4655 Nottelensis
1144 4583 1178 4655 in
1197 4585 1406 4678 Westphalia
1424 4598 1522 4660 natus
1546 4611 1635 4662 enno
1654 4613 1755 4666 saecu·

176 4709 233 4780 lari
258 4729 332 4796 noc,
363 4711 435 4782 Deo
459 4727 495 4780 se
517 4709 553 4778 in
582 4703 748 4779 Societate
776 4708 909 4780 devovit
939 4727 1062 4779 nnnxrx
1085 4717 1119 4778 et
1144 4717 1298 4779 votorum
1323 4720 1468 4801 quatuor
1506 4728 1756 4790 sacramentum

176 4837 314 4910 solemne
338 4835 430 4908 dixit.
455 4829 578 4906 Docuit
600 4833 633 4902 in
651 4853 690 4904 ee
718 4817 930 4915 humaniora,
954 4832 1214 4924 philosophiam,
1239 4833 1440 4925 theologiam
1456 4835 1703 4926 scholasticam,
1722 4851 1756 4913 et

177 4961 339 5044 moralem,
362 4957 515 5050 rexitque
540 4956 692 5048 collegia,
715 4955 940 5039 Hildesiense,
964 4966 997 5028 ot
1016 4956 1068 5028 bis
1095 4959 1420 5030 monasteriensem
1444 4961 1663 5053 Westphalia.
1693 4966 1755 5037 Vir

178 5087 294 5158 eximia
324 5084 524 5178 prudentia,
560 5093 594 5155 et
626 5079 804 5173 singularis
832 5078 1004 5162 doctrinm,
1036 5079 1170 5151 undea
1202 5079 1387 5153 celsissimo
1416 5082 1570 5176 principe
1594 5088 1752 5181 episcopo

177 5203 419 5276 monasteriensi
435 5201 693 5294 (Christophoro
710 5205 882 5277 hemardo
897 5205 939 5278 de
954 5205 1075 5300 Galen)
1096 5207 1131 5277 in
1153 5205 1318 5280 arbitrum
1342 5210 1556 5282 conscientiae
1576 5222 1626 5284 est
1640 5213 1750 5288 adlec-

179 5333 238 5410 tns,
264 5347 366 5420 eoque
389 5345 530 5398 munere
557 5343 678 5419 magne
698 5338 766 5399 tam
788 5331 894 5422 ipsius
921 5331 1096 5421 principis,
1120 5345 1221 5422 quam
1242 5332 1429 5404 aulicorum
1456 5335 1751 5413 commendatione

181 5449 360 5536 perlnnctus
363 5501 419 5520 .....
441 5449 478 5519 ln
498 5469 593 5522 sacro
609 5451 767 5524 tribunali
784 5453 1003 5534 Pmuitentiee,
1018 5453 1215 5524 commissos
1231 5454 1294 5524 sibi
1309 5455 1441 5525 animos
1456 5457 1543 5525 mira
1553 5455 1750 5536 dexteritate

187 5571 307 5662 regebat
309 5627 362 5644 .....
386 5574 554 5664 Susceptis
580 5577 732 5665 prasenti
753 5577 866 5648 animo
891 5577 1049 5648 extremis
1076 5576 1295 5648 sacramentis
1318 5577 1481 5668 Spiritum
1511 5579 1581 5650 Deo
1602 5583 1752 5656 reddidit
