4112 6344
761 385 871 449 LIBER
894 383 1094 450 SECUNDUS
1659 380 1714 441 till

129 567 317 612 omnesessa
330 551 624 630 pracceptum,quod
637 549 895 630 sufficitimplere,
947 548 1037 612 Dect.
1062 551 1092 610 6.
1117 545 1242 608 dixisset
1270 565 1278 605 ι
1309 545 1421 626 Dilipes
1449 545 1608 608 Dominum
1622 546 1718 609 Deum

128 642 256 722 quando
279 641 449 722 prudenter
471 643 628 721 judicatur
648 645 753 704 adesse
780 643 898 721 pericu·
947 644 1034 702 tuum
1048 658 1084 700 ee
1093 647 1150 700 tcto
1163 637 1256 713 emble,
1268 637 1382 714 subdit,
1397 642 1538 718 eruntque
1547 639 1632 700 verbo
1641 637 1715 712 iac,
1812 649 1814 652 ’

129 734 199 794 lum
209 734 389 814 proximum
397 736 516 811 mortis,
528 754 593 798 non
604 741 709 798 autem
723 735 798 796 dum
813 733 899 794 adest
949 749 1018 811 quia
1033 749 1084 811 epo
1095 729 1244 810 precipio
1259 729 1315 790 tibi
1332 728 1429 805 bodie,
1455 727 1486 788 ia
1506 727 1589 790 eorde
1609 737 1671 806 tao,
1690 736 1719 792 et

127 832 288 889 remotum
315 832 451 889 tantum.
482 829 571 903 Quod
603 829 628 890 si
663 827 741 888 adsit
774 826 899 906 aliquod
949 821 1088 884 narrabis
1109 841 1143 882 aa
1170 821 1241 902 filiis
1268 821 1337 895 tuis,
1364 829 1393 882 et
1420 819 1606 882 meditaberis
1626 826 1660 884 in
1678 823 1719 884 eis

127 917 306 980 humanum
333 920 506 999 periculum
537 921 661 994 mortis,
688 938 746 982 nec
770 918 898 980 omnino
952 913 1050 975 sedeo
1063 913 1718 990 indecorumstambulomzbitmerador-

127 1011 319 1092 proximum,
336 1031 395 1076 nec
407 1013 500 1092 plana
517 1019 674 1077 remotum
695 1031 726 1074 v.
742 1031 774 1092 g.
790 1010 899 1092 siquis
953 1012 1044 1068 miens
1056 1016 1142 1087 atque
1162 1024 1338 1087 concerpere
1352 1026 1364 1068 .·
1379 1025 1451 1086 ergo
1466 1007 1546 1068 Deus
1558 1007 1626 1068 vult
1646 1026 1720 1068 con-

128 1103 361 1182 navigatiouem
372 1105 424 1166 vel
435 1107 494 1168 iter
505 1105 714 1184 aggrediatur,
723 1105 757 1165 iu
771 1123 833 1184 quo
847 1103 900 1164 ali·
951 1099 1159 1164 tinuationcm
1172 1104 1203 1162 et
1216 1098 1422 1178 frequentiam
1436 1099 1519 1160 ilbus
1536 1099 1717 1160 dilectionis.

128 1196 186 1274 qui
206 1197 393 1276 quandoque
414 1206 601 1278 merguntur
620 1197 670 1263 vel
692 1196 900 1258 alatronibus
953 1191 1068 1254 Deinde
1094 1192 1188 1254 bomo
1212 1191 1345 1268 graviter
1371 1191 1525 1269 obligatur
1552 1192 1591 1253 ad
1615 1190 1719 1253 obser-

129 1288 326 1364 ocoiduntur,
350 1291 473 1352 uidetur
491 1291 556 1352 fore
580 1309 673 1370 grave
687 1293 859 1370 peccatum,
876 1287 902 1348 si
952 1286 1054 1346 vande
1078 1285 1199 1364 reliqua
1221 1285 1278 1346 Dei
1305 1285 1462 1357 mandata,
1486 1283 1539 1346 sed
1563 1284 1721 1346 moraliter

129 1381 202 1459 quis
222 1380 288 1442 sine
303 1381 501 1444 confessione
515 1383 566 1444 vel
578 1383 743 1444 dilectione
756 1382 811 1444 llei
822 1400 854 1442 se
868 1381 902 1441 in
951 1377 1141 1458 impossibile
1157 1383 1202 1438 est
1216 1395 1252 1438 ea
1269 1376 1376 1438 omnia
1389 1377 1562 1452 observare,
1578 1377 1638 1439 nisi
1650 1377 1721 1455 quis

128 1473 191 1534 tale
217 1474 391 1553 paricidam
426 1475 583 1550 immittat,
612 1475 686 1553 quia
712 1483 758 1536 est
779 1491 903 1536 summa
950 1469 1127 1550 frequenter
1155 1470 1256 1532 eliciat
1276 1475 1381 1530 actum
1404 1469 1577 1530 dilectionis
1595 1469 1663 1544 Dei,
1686 1473 1722 1530 ut

129 1561 341 1646 imprudentia
365 1571 396 1628 et
409 1567 566 1628 temeritas
579 1567 612 1628 in
626 1568 751 1647 negotio
764 1566 903 1647 supremi
951 1563 1142 1641 experientia
1156 1561 1267 1642 probat
1288 1581 1295 1621 ι
1319 1561 1373 1640 qui
1387 1562 1471 1622 enim
1484 1561 1537 1622 vix
1557 1561 1653 1623 semel
1666 1579 1722 1641 per

130 1659 284 1718 momenti
315 1679 322 1720 ι
351 1660 405 1722 sed
433 1660 472 1722 de
497 1661 666 1740 quaestione
701 1665 767 1722 tota
790 1660 903 1722 redibit
951 1659 1227 1735 annumquaeruut
1240 1654 1361 1733 placere
1378 1656 1450 1730 ileo,
1467 1653 1521 1715 diu
1534 1672 1599 1714 non
1612 1654 1722 1733 persis

130 1767 246 1826 sermo,
260 1751 386 1829 quando
400 1769 527 1830 agemus
536 1753 575 1814 de
589 1753 780 1832 poenitentia.
951 1751 1018 1808 tent
1031 1747 1097 1808 sine
1111 1747 1245 1823 mortali,
1260 1765 1316 1808 uec
1340 1763 1491 1824 umquam
1505 1745 1722 1824 aggredientur

44 1858 107 1919 136
172 1841 200 1920 §.
216 1844 247 1904 6.
257 1842 369 1904 Suari.
379 1844 494 1908 Bonae.
505 1843 601 1908 Alica.
613 1853 640 1906 et
653 1845 709 1906 ulii
722 1845 831 1907 dicunt
843 1845 902 1907 hoc
950 1839 1055 1900 media
1069 1839 1167 1901 ardua
1180 1845 1211 1900 et
1225 1844 1345 1900 natmse
1359 1838 1524 1912 conanae,
1548 1855 1618 1917 (1¹1oe
1641 1856 1722 1918 stipe

131 1939 326 2016 praeceptum
353 1936 501 2013 obligare,
531 1938 656 2016 quando
677 1938 746 2017 quis
766 1942 904 1998 tentatur
952 1933 1122 1994 necessaria
1145 1931 1273 1994 suntad
1292 1931 1417 1992 citanda
1435 1935 1659 2010 peccata,ergo
1678 1935 1724 1990 est

131 2026 172 2088 ad
185 2027 294 2088 odium
306 2028 372 2090 Dei.
391 2027 500 2092 Contra
510 2037 560 2106 est,
576 2030 722 2108 quiahoc
736 2031 820 2092 ineo
835 2035 902 2091 tan-
953 2030 1100 2109 obligatio
1120 2032 1223 2110 gravis
1240 2030 1418 2108 frequenter
1439 2028 1588 2107 diligendi
1608 2031 1721 2103 Deum,

130 2123 201 2181 tum
215 2138 408 2184 casuverum
427 2127 483 2199 est,
499 2141 561 2202 quo
574 2122 703 2184 tentatio
721 2123 808 2184 aliter
821 2122 904 2184 vinci
953 2123 1090 2186 maxime
1111 2140 1183 2184 cum
1201 2123 1320 2201 reliqua
1358 2120 1464 2182 omnia
1481 2127 1633 2201 praecepta
1650 2121 1723 2182 ulti-

130 2229 198 2274 uon
221 2219 334 2292 posset,
360 2219 390 2274 ct
418 2219 493 2276 tunc
520 2233 576 2294 per
593 2215 734 2278 accidens
752 2215 905 2294 obligaret
954 2220 1036 2276 mata
1050 2215 1232 2278 ordinentur
1245 2214 1284 2274 ad
1298 2213 1495 2289 charitatem,
1510 2231 1580 2292 ques
1592 2220 1639 2275 est
1651 2214 1723 2274 finis

131 2303 212 2366 illud
226 2311 427 2386 preceptum.
953 2313 984 2368 et
994 2306 1139 2386 perfectio
1163 2307 1260 2386 Legis.
1286 2308 1394 2385 ltaque
1418 2323 1490 2368 eum
1508 2306 1542 2368 in
1557 2311 1643 2367 tanta
1656 2325 1722 2368 sen·

40 2408 103 2469 137
173 2396 204 2476 ἓ.
228 2400 258 2459 7.
275 2395 338 2460 Set.
374 2396 438 2460 Vni.
463 2404 491 2458 et
517 2398 596 2462 Nec.
623 2399 732 2461 dicunt
752 2398 902 2478 obligare,
951 2400 1121 2461 tertiarum
1144 2400 1294 2460 carimate
1321 2398 1509 2475 nesciamus,
1539 2399 1664 2478 quando
1692 2405 1723 2460 et

130 2489 259 2568 quaudo
285 2489 354 2568 quis
372 2490 459 2552 audit
478 2491 685 2570 blasphemari
704 2497 759 2552 aut
779 2509 904 2570 gravem
954 2491 1073 2569 quoties
1110 2492 1149 2552 sit
1191 2492 1364 2570 diligendus
1403 2493 1499 2565 Deus,
1538 2491 1723 2570 arripiamus

130 2580 281 2660 injuriam
294 2581 362 2644 fieri
374 2582 408 2644 in
418 2584 527 2660 Deum,
539 2589 574 2644 ut
587 2584 630 2646 sic
644 2583 733 2663 quasi
744 2589 905 2663 reparetur
952 2583 1080 2660 tutiora,
1106 2589 1174 2644 tum
1202 2591 1237 2644 ut
1264 2585 1306 2644 sic
1327 2601 1537 2644 assuescamus
1566 2583 1722 2644 dilectioni

129 2672 259 2750 injuria.
291 2671 402 2734 Contra
426 2682 476 2743 est,
502 2693 564 2736 non
592 2683 753 2755 reparatur
778 2676 902 2754 injuria,
954 2675 1021 2751 Ilei,
1044 2682 1113 2737 tum
1132 2683 1168 2736 nt
1199 2681 1281 2736 certo
1309 2675 1437 2737 satisfiat
1462 2681 1627 2755 praecepto,
1653 2682 1723 2736 tum

131 2765 193 2824 nisi
202 2764 240 2840 is,
251 2765 306 2844 qui
319 2765 513 2846 blasphemat
526 2769 635 2841 ileum,
651 2786 667 2830 e
682 2773 788 2830 contra
800 2775 901 2830 amet:
953 2768 1058 2844 ctiam,
1082 2769 1156 2847 quia
1178 2772 1263 2828 aetus
1290 2767 1473 2842 dilectionis,
1502 2772 1549 2828 cst
1580 2768 1721 2829 omnium

131 2855 246 2918 deinde
272 2875 339 2918 non
362 2865 477 2938 spectat
502 2860 542 2921 ad
566 2860 768 2936 Charitatem,
795 2861 849 2922 sed
864 2861 904 2922 ad
953 2860 1234 2939 prestantissimus,
1259 2865 1290 2922 et
1308 2878 1402 2939 supra
1416 2877 1524 2921 ornnes
1537 2860 1614 2920 alios
1628 2861 1724 2922 meri·

130 2950 151 3008 J
154 2949 293 3012 ustitiam
307 2950 358 3012 vel
372 2951 571 3031 Religionem
584 2970 728 3033 reparare
748 2953 842 3016 talem
855 2952 903 3015 in·
952 2952 1061 3013 torius.
1078 2953 1184 3031 Neque
1197 2953 1227 3012 id
1248 2953 1367 3013 censeri
1376 2951 1467 3013 debet
1480 2952 1573 3012 nimis
1587 2952 1722 3028 difficile,

126 3041 257 3119 jnriam.
953 3063 1026 3106 nam
1041 3045 1065 3105 si
1079 3045 1221 3106 homines
1230 3045 1302 3105 totis
1316 3043 1425 3104 diebus
1438 3045 1581 3123 occrrpari
1595 3051 1724 3124 possunt

40 3145 105 3208 138
172 3133 203 3212 ἓ.
214 3136 244 3196 8.
261 3133 317 3196 Sat
338 3133 403 3196 Vel.
419 3134 446 3196 Τ
442 3135 482 3196 ol.
494 3135 601 3198 dicunt
615 3137 761 3216 obligare,
779 3138 903 3218 quando
953 3152 1058 3200 amore
1084 3141 1244 3212 creaturae,
1267 3134 1443 3213 voluptatis,
1462 3134 1552 3209 lucri,
1576 3140 1647 3209 ete,
1669 3153 1724 3195 eur

131 3226 204 3305 quis
228 3225 416 3288 beneficium
436 3245 454 3288 a
477 3229 539 3292 Deo
567 3231 692 3309 accepit.
715 3230 828 3292 Contra
851 3239 902 3306 est,
953 3245 1018 3290 non
1037 3229 1136 3306 magis
1157 3228 1224 3305 Dei,
1244 3227 1299 3306 qui
1319 3227 1403 3288 solus
1430 3233 1476 3288 est
1504 3225 1590 3286 omui
1617 3245 1724 3290 amore

131 3318 208 3397 quia
225 3323 301 3378 tunc
329 3318 460 3381 sufficiet
485 3323 599 3399 gratias
625 3341 728 3402 agere,
757 3324 798 3384 sic
818 3324 904 3385 enim
953 3318 1175 3398 dignissimus?

130 3410 242 3472 satisfit
254 3411 408 3472 honestati
422 3411 544 3476 debitia,
992 3413 1021 3491 ᾗ.
1038 3415 1087 3473 lt.
1103 3411 1471 3491 Satislithuicpraecepto‚
1486 3410 1724 3490 quamvisamor
1750 3414 1807 3473 rm

41 3519 105 3577 139
171 3503 200 3580 §.
217 3504 248 3562 9.
264 3501 329 3566 Sat.
345 3511 373 3564 at
391 3502 453 3564 Vol.
468 3504 576 3566 dicunt
589 3506 737 3585 obligare,
748 3507 904 3587 sialiquod
954 3506 1008 3566 Dei
1031 3505 1172 3566 eliciatur
1186 3507 1219 3565 in
1237 3505 1345 3565 ordine
1362 3504 1403 3568 ad
1416 3505 1476 3568 clia
1495 3509 1651 3583 praecepta
1662 3504 1722 3564 im-

131 3611 212 3672 opus
223 3611 373 3672 magnum
392 3599 423 3654 et
438 3594 560 3656 difficile
578 3595 618 3656 sit
637 3597 902 3674 aggrediendum,
954 3597 1077 3676 pienda,
1093 3597 1195 3658 autad
1205 3597 1298 3658 alium
1311 3596 1681 3669 virtutemexercendam‚
1691 3615 1721 3656 v.

131 3703 163 3746 v.
198 3702 229 3762 g.
261 3685 397 3747 defensio
428 3686 501 3748 fidei
527 3705 632 3748 coram
666 3693 819 3767 tyranno,
855 3689 905 3750 vel
954 3708 986 3768 g.
1011 3691 1037 3750 si
1055 3689 1125 3768 quis
1139 3688 1250 3756 eliciat,
1277 3689 1350 3768 quia
1363 3689 1431 3749 vult
1449 3688 1604 3762 confiteri3
1626 3688 1675 3748 vel
1689 3693 1725 3748 nt

131 3777 331 3856 martyrium.
356 3775 467 3838 Contra
486 3788 539 3855 est,
561 3781 634 3858 quia
647 3780 742 3841 homo
756 3786 858 3860 potest
872 3799 904 3842 se
955 3781 1074 3842 evincat
1086 3781 1303 3851 tentationem,
1321 3797 1384 3858 qua
1396 3780 1570 3854 infestatur,
1592 3780 1635 3840 ita
1648 3781 1722 3840 Car-

130 3869 222 3930 aliter
237 3875 344 3932 contra
357 3875 528 3950 tyrannum
546 3871 680 3948 munira,
704 3891 799 3950 quam
822 3891 902 3952 prae·
954 3873 1025 3934 den.
1038 3891 1087 3934 uri.
1102 3874 1151 3934 11.
1164 3873 1349 3934 Tenendum
1360 3877 1520 3935 esttamen
1530 3877 1637 3934 contra
1647 3873 1725 3932 mul-

130 3960 195 4024 cise
219 3981 275 4042 por
303 3963 439 4024 elicitum
466 3963 630 4026 formalem
655 3969 759 4026 actum
794 3965 903 4026 Obari-
954 3969 1011 4042 tos,
1027 3965 1184 4043 quoscitat
1197 3966 1371 4044 etsequitur
1382 3965 1474 4044 Moya
1483 3972 1522 4026 tr.
1534 3984 1564 4044 q.
1576 3967 1605 4025 c.
1628 3983 1660 4024 u.
1672 3965 1722 4025 tt.

130 4053 215 4115 tatis.
954 4056 1724 4137 preceptocharitatisproartieulomortisnonsa-

40 4143 106 4204 tto
172 4145 202 4223 ᾗ.
212 4147 259 4208 10.
272 4145 350 4208 Bon.
362 4147 436 4208 dicit
449 4153 517 4208 tum
537 4147 685 4227 obligare,
697 4149 822 4226 quando
835 4149 904 4228 quis
952 4150 1124 4230 tisberiper
1146 4151 1380 4214 Sacramentum
1394 4149 1582 4230 paenitentia
1603 4167 1726 4228 suscep-

131 4238 201 4298 uult
227 4239 452 4301 Eucharisticm
468 4257 602 4300 sumere.
628 4239 740 4302 Contra
763 4248 815 4316 est,
831 4243 905 4320 quia
953 4247 1022 4303 tum
1035 4259 1108 4303 cum
1121 4241 1278 4302 attritione
1296 4242 1430 4321 cognita,
1445 4241 1518 4320 quia
1538 4241 1640 4320 reipsa
1653 4259 1723 4320 per-

133 4329 195 4390 tale
208 4338 398 4411 praeceptum
412 4332 524 4393 nullibi
538 4336 648 4408 exstat,
668 4342 699 4392 et
721 4332 760 4392 ad
782 4333 903 4394 Eucba-
953 4333 1030 4395 fecte
1044 4334 1196 4395 amandus
1209 4340 1256 4395 est
1269 4335 1352 4395 Deus
1375 4336 1406 4394 in
1431 4333 1493 4396 tine
1511 4335 1594 4408 vitm,
1620 4334 1725 4394 Sacra·

130 4423 253 4482 ristiam
267 4423 381 4484 sufficit
394 4429 490 4484 status
502 4424 620 4502 gratius.
954 4432 1096 4487 mentum
1109 4432 1214 4487 autem
1231 4443 1304 4488 curn
1317 4425 1476 4487 attritione
1490 4444 1554 4488 non
1569 4432 1614 4486 est
1625 4443 1723 4500 amor,

42 4515 99 4574 111
172 4513 202 4594 §.
219 4517 269 4576 li.
287 4515 383 4578 Costa.
400 4522 575 4596 suprapost
596 4515 722 4594 rejectas
737 4517 905 4578 sententias
954 4519 1054 4597 qualis
1068 4518 1247 4598 requiritur.
1729 4586 1733 4596 ,

130 4606 283 4668 hactenus
305 4608 416 4670 relatas
439 4609 542 4670 suddit
569 4627 641 4669 cunr
665 4609 755 4670 Suar.
778 4617 807 4670 et
830 4609 901 4672 Coa.
994 4611 1023 4690 ἓ.
1049 4613 1100 4670 13.
1125 4610 1256 4686 Fideles
1285 4610 1340 4689 qui
1362 4611 1465 4672 sciunt
1489 4611 1598 4672 elicere
1620 4615 1726 4671 actum
1751 4619 1809 4679 113

130 4717 200 4760 esse
226 4699 445 4777 obligationem
467 4701 580 4780 saepius
609 4701 758 4780 diligendi
793 4703 903 4778 Deum,
954 4701 1128 4763 dilectionis
1141 4703 1210 4778 Dei,
1224 4708 1255 4764 et
1269 4721 1341 4762 cum
1354 4703 1458 4782 aliqua
1472 4703 1640 4764 reflexione
1652 4721 1727 4781 ope·

130 4809 228 4870 (quam
252 4792 382 4871 singulis
409 4793 552 4854 trienniis
574 4794 670 4856 semel
695 4793 800 4854 :Led
825 4797 903 4856 Hur.
954 4800 1076 4868 rantur,
1091 4794 1180 4856 facile
1194 4794 1383 4856 satisfaciunt
1393 4795 1467 4856 huic
1476 4801 1641 4875 precepto,
1655 4794 1727 4874 quia

130 4884 202 4944 Arr.
229 4883 293 4944 llls.
322 4889 346 4944 t.
367 4886 416 4946 13.
444 4905 474 4944 n.
497 4887 547 4946 80.
568 4886 684 4965 aliique
705 4903 777 4946 cum
794 4887 905 4948 Mende
955 4887 1196 4948 concomitanter
1221 4887 1359 4962 elicieut3
1389 4887 1522 4948 ebaritas
1549 4887 1634 4949 enim
1660 4887 1727 4948 haec

129 4973 161 5034 d.
178 4991 234 5036 ru.
255 4977 325 5038 113.
351 4977 458 5038 dicunt
479 4995 544 5040 esse
562 4978 783 5058 obligationem
797 4979 906 5040 saltem
955 4985 1002 5040 est
1023 4978 1148 5059 duplex,
1170 4978 1323 5054 afficiens,
1342 4982 1374 5038 et
1391 4977 1535 5052 efficiens,
1553 4985 1621 5040 tum
1643 4979 1728 5040 dicor

131 5067 231 5130 semel
248 5068 376 5148 singulis
396 5070 486 5132 annis
507 5090 514 5132 ι
543 5072 634 5133 Card.
654 5091 685 5132 a.
703 5074 741 5134 l8
755 5072 828 5132 dicit
841 5090 906 5134 esse
954 5069 1069 5132 habere
1092 5070 1273 5132 charitatem
1293 5070 1491 5154 afficientem,
1511 5070 1637 5149 quando
1664 5072 1728 5132 Ileo

131 5159 355 5239 obligationem
377 5161 555 5240 frequenter
571 5163 731 5242 diligendi,
748 5163 790 5224 ita
805 5169 840 5224 ut
859 5165 906 5224 vi·
955 5162 1042 5224 faveo
1062 5179 1132 5224 suas
1156 5162 1359 5241 perfectiones
1381 5163 1453 5224 volo
1477 5161 1521 5224 illi
1541 5163 1635 5238 bona,
1656 5180 1727 5241 quae

131 5253 244 5316 deatur
256 5252 314 5331 ipsi
325 5254 468 5330 mortale,
487 5255 514 5316 si
527 5256 596 5334 quis
609 5255 692 5316 ultra
703 5273 804 5317 uuum
817 5273 907 5318 men·
955 5255 1061 5332 habet,
1077 5255 1198 5334 gaudeo
1211 5255 1301 5316 illum
1315 5273 1391 5331 esse,
1407 5254 1461 5333 qui
1475 5259 1530 5330 est,
1547 5254 1686 5334 gratulor
1700 5254 1729 5314 ei

132 5361 201 5406 sem
215 5343 373 5420 integrum
386 5345 520 5424 differat,
537 5352 567 5407 et
576 5347 656 5408 ratio
670 5347 813 5426 estquis
827 5348 908 5408 Deus
956 5348 994 5408 de
1004 5347 1134 5424 bonore,
1147 5347 1202 5427 qui
1211 5347 1385 5422 exhibetur,
1397 5352 1482 5426 opto,
1494 5347 1644 5408 utnullus
1656 5363 1729 5408 eum

131 5436 273 5518 precipit
295 5436 491 5503 dilectionem
518 5439 566 5500 sui
592 5439 627 5500 in
655 5439 812 5519 operibus,
836 5457 907 5519 quae
955 5439 1103 5517 offendat,
1117 5445 1152 5502 ut
1166 5457 1274 5502 omnes
1286 5439 1313 5500 ei
1327 5439 1471 5513 serviunt,
1491 5455 1564 5500 eum
1578 5443 1685 5500 ament
1698 5451 1730 5498 et

131 5525 595 5610 1requcutersolemusagae,
621 5539 785 5612 postquam
820 5531 906 5600 anim
955 5531 1726 5612 cclaut;quoseiiectusbabereestomniuofacila.
