3946 6344
334 381 394 442 530
974 376 1024 438 DE
1043 373 1276 474 oblatrare,

331 547 396 609 diat
405 549 493 625 mihi,
508 555 581 610 tuus
598 565 663 610 asse
684 546 768 624 volo,
789 553 821 608 et
833 563 898 608 non
911 543 1048 621 alterius,
1063 542 1103 604 da
1154 559 1218 602 non
1239 541 1322 620 lacis,
1346 542 1514 615 internum,
1540 550 1572 607 et
1593 545 1689 608 vitam
1713 546 1882 626 amitterent

331 640 410 702 mihi
422 641 564 720 gratiam,
585 640 723 717 Domine,
736 657 774 700 ne
789 637 938 719 quiddam
951 641 1062 717 praeter
1073 641 1104 697 te
1153 634 1263 696 saltem
1285 636 1319 696 iu
1338 636 1443 718 aliqua
1460 643 1547 717 parte
1564 637 1718 719 placarem
1729 639 1800 700 iram
1813 641 1884 704 Patris

331 751 481 813 quaeram,
510 740 565 794 aut
591 733 773 795 desiderem.
807 734 887 810 Lug.
915 731 1042 792 Granat.
1073 729 1104 789 ia
1152 726 1223 787 tui?
1252 728 1394 806 Domine,
1421 733 1448 790 si
1473 748 1538 791 non
1560 732 1607 792 vis
1626 731 1703 792 mihi
1720 731 1884 796 uerebar

328 844 454 908 procem.
479 826 502 888 l.
520 830 551 888 l.
569 827 606 888 de
623 824 719 888 Medit
729 833 757 886 et
773 823 855 887 Orat.
872 826 896 886 0
912 823 1010 884 [latrat
1025 840 1104 903 quo·
1152 820 1285 897 gratiam
1299 823 1489 884 concedendi
1504 823 1582 886 mibi
1599 825 1655 886 bas
1669 825 1793 898 animas,
1806 845 1886 906 quasa

331 918 390 980 ties
411 938 490 980 vene
510 919 637 981 micabit
659 918 692 979 in
716 935 858 998 corpore,
870 916 961 978 toties
972 916 1054 992 volo,
1068 928 1105 976 ut
1152 917 1183 973 te
1198 911 1314 992 flagito,
1330 914 1429 976 dicam
1444 933 1501 996 ego
1518 934 1568 979 me
1585 918 1781 980 nollerenire
1793 919 1886 1000 adpre

333 1010 367 1072 in
381 1011 488 1073 laudes
501 1017 569 1072 tuas
583 1012 711 1073 exiliant
720 1028 828 1073 omnes
841 1019 999 1084 creaturas,
1012 1015 1105 1070 etoor
1152 1003 1312 1067 sidendam
1340 1007 1472 1085 gloriam
1500 1027 1519 1070 a
1542 1015 1574 1072 te
1600 1009 1678 1072 mihi
1704 1019 1887 1092 preparatam.

332 1121 438 1166 meum
460 1110 491 1166 tc
514 1102 733 1184 superomnia
755 1101 1089 1183 amet,quoticshomi
1151 1095 1186 1159 S.
1207 1097 1308 1161 Marta
1331 1099 1510 1181 Mopclaleaa
1532 1103 1569 1163 de
1593 1101 1698 1164 Passis
1715 1103 1747 1164 ia
1763 1104 1818 1185 ejas
1835 1107 1887 1182 ada,

331 1213 405 1256 nem
427 1197 583 1273 intuebor,
600 1197 689 1258 toties
711 1195 875 1274 constituo,
893 1202 929 1257 ut
946 1201 977 1257 te
995 1211 1102 1274 supra·
1152 1207 1176 1250 a.
1198 1189 1248 1251 99.
1934 1273 1935 1278 ¹

332 1306 420 1350 mum
443 1290 611 1352 Dominum
633 1290 717 1367 vitae,
736 1295 767 1350 et
787 1290 871 1351 necis
885 1289 1103 1351 demississimo
1193 1283 1285 1344 Utere
1309 1284 1429 1363 libello,
1456 1305 1550 1367 quem
1583 1293 1651 1367 post
1678 1288 1745 1350 baec
1771 1289 1889 1371 descripta

331 1381 444 1443 affectu
463 1401 615 1444 revereor.
632 1383 743 1462 Magne
757 1383 851 1456 Deus,
868 1381 926 1442 tibi
939 1382 1102 1461 memetip-
1152 1375 1267 1454 accepi,
1288 1377 1347 1438 hoc
1374 1378 1482 1454 titulo;
1510 1380 1716 1460 Aspirationes
1744 1381 1891 1464 Tdcolopica

332 1491 402 1535 sum
417 1474 525 1552 offero,
551 1481 581 1536 et
594 1492 740 1536 consecro
763 1493 818 1554 per
838 1474 1050 1551 donationem,
1073 1481 1104 1536 et
1153 1467 1184 1528 t'n
1210 1470 1259 1529 52·
1291 1471 1365 1531 anai
1396 1469 1605 1534 Hebdomadas
1632 1473 1800 1536 distributa
1827 1477 1890 1538 al’.

331 1575 457 1648 pactum
466 1568 678 1642 irrevocabile,
688 1568 1099 1644 omuesactionessensuum,
1151 1559 1262 1623 Joaaae
1282 1561 1398 1625 Nadasi
1416 1563 1524 1626 Sect'ct.
1544 1565 1623 1642 desa,
1640 1575 1693 1628 ete.
1709 1567 1892 1650 Fingebat

332 1659 570 1739 imaginationes
588 1661 769 1741 phantasia,
796 1660 995 1739 cogitationes
1015 1660 1103 1722 intel·
1157 1651 1377 1729 (laisei-citata,
1401 1665 1429 1717 et
1451 1655 1577 1718 Colonia
1599 1654 1680 1741 typis
1699 1658 1824 1721 Sercutri'
1836 1661 1893 1722 llce

330 1753 440 1830 lectus,
463 1753 691 1814 recordationes
718 1754 890 1830 memorias,
907 1753 1034 1814 affectus
1047 1772 1102 1814 vo·
1151 1744 1235 1806 ileu:
1252 1747 1658 1829 hiclibellusfoe-umhabet,
1670 1753 1894 1832 {estuatignibu

331 1846 473 1922 latuistis,
508 1846 604 1906 verba
638 1846 763 1922 omnia,
799 1845 933 1907 actiones
967 1846 1102 1925 singulas
1150 1838 1254 1900 vibrat
1272 1839 1423 1920 flammam,
1446 1843 1500 1905 sed
1514 1845 1670 1926 praecipue
1690 1846 1895 1925 apudanimam

331 1956 495 2014 manuum,
524 1943 627 2000 motus
654 1939 780 2018 pedum,
810 1938 945 2017 singulas
971 1939 1100 2020 palpita-
1151 1930 1326 2010 ‘theologiae
1345 1934 1502 2014 principiis
1521 1937 1685 1999 imbutam.
1707 1938 1823 2000 Similia
1835 1940 1897 2000 inre

331 2030 432 2092 tiones
449 2031 559 2107 cordis,
584 2037 744 2093 momenta
766 2031 836 2091 vitae
854 2031 970 2106 omnia,
984 2033 1100 2110 omnia,
1152 2024 1220 2084 uias
1234 2042 1272 2085 ex
1285 2025 1405 2087 Ludov.
1426 2026 1527 2088 Blasio
1548 2031 1631 2109 apud
1648 2034 1767 2092 Auton.
1788 2031 1897 2110 Suoquet

331 2142 402 2203 quae
412 2124 494 2184 dono
507 2129 562 2184 tuo
576 2141 646 2184 mea
659 2128 741 2196 sunt,
759 2124 842 2184 dono
856 2141 926 2183 meo
939 2129 995 2184 tue
1010 2131 1083 2186 sunt
1092 2145 1100 2202 ;
1151 2119 1184 2175 ¹⁹⁷1
1205 2116 1253 2179 via
1269 2123 1341 2180 viloe
1357 2117 1380 2180 l·
1400 2121 1431 2180 3·
1453 2138 1518 2201 cap.
1534 2123 1584 2182 20.
1602 2123 1634 2183 ia
1646 2122 1716 2204 fiae.
1735 2123 1898 2184 Charitelen

330 2217 389 2277 tibi
406 2216 459 2276 illa
477 2216 591 2278 iterum
610 2215 718 2292 effera,
746 2216 825 2290 dico,
860 2217 1041 2295 transcribo,
1073 2223 1103 2278 et
1152 2208 1207 2269 Dei
1229 2228 1294 2270 non
1317 2216 1399 2272 stare
1426 2231 1499 2273 cum
1523 2221 1647 2293 peccato
1671 2217 1796 2278 mortali
1814 2217 1899 2296 proba

330 2309 458 2388 insuper
477 2308 559 2386 volo,
582 2313 617 2370 ut
633 2307 672 2369 ab
690 2309 751 2370 hoc
769 2314 929 2370 momento
944 2327 1042 2389 usque
1063 2311 1103 2372 ad
1151 2299 1236 2362 bitur
1262 2301 1317 2364 lib·
1341 2305 1370 2366 6.
1401 2306 1526 2384 quando
1549 2306 1587 2368 de
1611 2308 1724 2369 Posuit.
1750 2313 1781 2370 et
1806 2309 1900 2370 acam

330 2401 402 2463 vita
414 2400 521 2478 finem,
537 2406 568 2462 ct
581 2401 653 2462 inda
663 2418 760 2480 usqua
770 2401 804 2461 in
816 2407 998 2481 perpetuam
1013 2408 1102 2463 aeter·
1150 2392 1246 2456 tione·

331 2493 460 2556 nitatem
473 2493 590 2554 amoris
603 2498 658 2554 tuo
673 2493 774 2572 sigillo
795 2493 1027 2572 consignentur,
1045 2495 1101 2555 tibi
1444 2488 1571 2551 CAPUT
1591 2491 1631 2552 11.
1917 2499 1934 2556 t

331 2586 388 2647 soli
401 2586 605 2665 imposterum
619 2586 803 2662 deserviant,
818 2591 850 2646 et
863 2585 1015 2665 placeant.
1400 2649 1405 2662 ,
1527 2652 1534 2664 .
1586 2653 1593 2666 .

1193 2648 1237 2708 De
1254 2646 1418 2730 Praecpta
1439 2649 1603 2714 Claritate
1615 2673 1688 2736 erpa
1696 2655 1871 2737 marimum.

1192 2766 1214 2798 ‘⁶
1232 2765 1395 2828 charitatis
1409 2769 1544 2848 proximi
1557 2772 1708 2852 precipit,
1730 2777 1759 2834 t.
1780 2775 1905 2835 Ordinem
1962 2792 1963 2796 ¹

247 2863 305 2926 lot
372 2857 538 2930 Amemtc,
559 2855 606 2916 mi
628 2856 719 2934 Deus,
738 2855 918 2935 plusquam
933 2856 1055 2933 Angeli,
1072 2861 1103 2918 et
1151 2857 1234 2918 ineo
1248 2857 1414 2938 diligendo.
1437 2862 1466 2922 i.
1489 2863 1695 2928 Dilectionem
1713 2867 1905 2928 inimicorum.

331 2949 426 3024 Beati,
440 2948 509 3028 plus
522 2965 617 3028 quam
634 2947 797 3028 Seraphini
811 2965 938 3024 omnes;
955 2967 1058 3010 amem
1072 2954 1102 3012 te
1153 2951 1183 3010 3.
1212 2951 1460 3032 Eleemosynam.
1494 2957 1524 3016 l.
1555 2957 1793 3038 correptionem
1818 2960 1906 3020 baar-

329 3058 436 3103 amore
455 3040 540 3100 omni
559 3038 706 3119 possibili,
727 3040 849 3101 utinam
869 3046 953 3102 totus
967 3042 1000 3102 in
1013 3043 1102 3103 ilam-
1152 3059 1237 3104 nam.
1266 3043 1381 3105 Deinde
1407 3046 1560 3125 prohibet.
1588 3052 1617 3110 l.
1643 3049 1759 3112 Odium
1781 3050 1906 3133 proximi.

329 3152 396 3196 mas
423 3132 546 3212 redigar
573 3149 679 3194 amore
706 3132 762 3193 tui.
794 3133 818 3193 0
850 3133 941 3210 Deus,
966 3134 1102 3214 quodie
1153 3135 1184 3194 2.
1218 3136 1415 3200 Scandalum.
1448 3141 1478 3199 3.
1514 3141 1558 3202 Ne
1587 3141 1759 3222 injuriam,
1795 3145 1908 3218 bedun,

329 3231 452 3287 tantum
472 3243 537 3286 ιιοιι
558 3242 685 3304 possum
710 3241 815 3285 amare
834 3225 928 3303 solus,
949 3233 1102 3305 quantum
1153 3224 1285 3302 aliudve,
1304 3246 1398 3308 grave
1416 3231 1579 3310 damnum,
1601 3235 1652 3296 vel
1674 3237 1796 3299 malum
1816 3237 1910 3298 iniera-

329 3317 423 3380 simul
445 3334 553 3378 omues
573 3317 694 3378 Animae
713 3316 824 3394 beata,
844 3322 875 3378 et
890 3336 946 3378 cur
957 3317 1036 3379 mihi
1049 3338 1102 3382 cor
1152 3323 1219 3380 tur:
1241 3321 1283 3382 De
1305 3339 1367 3400 quo
1387 3328 1556 3402 postremo,
1578 3332 1688 3407 agetur
1706 3329 1743 3390 in
1757 3330 1909 3409 nemoga

328 3412 363 3471 in
383 3426 490 3471 amore
512 3409 558 3468 tui
587 3427 651 3469 non
679 3414 725 3469 est
751 3409 829 3470 adeo
851 3409 1100 3489 inflammatum,
1152 3411 1192 3472 de
1204 3412 1332 3492 reliquis
1345 3413 1404 3476 bic.

328 3502 407 3564 sicut
417 3501 561 3562 omnium
570 3501 663 3562 simul
674 3502 857 3582 Martyrum,
871 3508 902 3564 et
917 3503 1103 3565 Sanctorum
1439 3533 1590 3597 DUBIUM
1612 3537 1627 3597 Ι

327 3594 443 3656 corda?
459 3596 483 3654 0
503 3593 540 3669 si,
563 3593 618 3673 qut
631 3595 665 3654 in
679 3593 826 3656 omnibus
839 3596 969 3674 sparsim
981 3615 1102 3659 exarse-
1630 3583 1636 3598 ⁸

326 3693 410 3756 runt,
436 3704 520 3748 nunc
540 3685 692 3748 collectim
713 3688 747 3748 in
767 3705 830 3749 una
843 3689 1029 3750 meaanima
1045 3689 1101 3751 ssa-

325 3785 453 3861 grarent
474 3797 596 3842 amores
612 3780 619 3840 t
636 3779 742 3842 Frena.
760 3780 849 3841 Assia.
867 3782 891 3842 Ο
906 3782 987 3842 Deus
1000 3799 1098 3852 meus,

327 3874 450 3936 utinam
479 3891 568 3934 amor
594 3879 700 3934 tantus
726 3874 806 3935 mihi
833 3873 891 3948 sit,
921 3879 952 3936 et
979 3875 1099 3952 fervor,
1194 3874 1216 3906 “
1233 3873 1328 3953 Resp.
1348 3873 1372 3934 I.
1394 3873 1507 3935 Ordine
1521 3874 1684 3938 Charitatis
1698 3879 1915 3959 quisquamne·

327 3973 463 4048 quantus
487 3970 534 4028 est
551 3966 724 4045 possibilis;
751 3984 853 4027 amem
874 3972 903 4027 te
917 3985 1023 4029 amore
1037 3986 1102 4029 om·
1151 3969 1203 4025 tur
1217 3970 1286 4045 post
1299 3967 1409 4044 Deum,
1429 3966 1568 4046 diligere,
1596 3972 1625 4030 t.
1645 3971 1806 4050 seipsum,
1821 3989 1915 4034 secur

325 4061 415 4120 nium
449 4057 645 4139 possibilium
680 4063 906 4135 creaturarum,
935 4077 1039 4121 amem
1070 4066 1100 4122 te
1151 4055 1228 4118 dum
1248 4057 1331 4119 bona
1347 4058 1528 4138 spiritualia.
1550 4061 1580 4121 i.
1605 4061 1806 4138 Proximum,
1828 4063 1916 4144 quoad

325 4169 431 4212 amore
446 4166 509 4230 quo
523 4149 671 4229 teipsum
692 4167 778 4212 amas
794 4150 926 4213 infinite.
949 4153 1025 4218 Quis
1036 4153 1099 4232 det,
1151 4149 1259 4210 eadem
1286 4150 1378 4212 bona.
1406 4153 1435 4213 3.
1467 4153 1611 4232 Saipsum
1632 4155 1716 4233 quod
1730 4155 1811 4218 boni
1823 4149 1918 4238 corpo-

325 4253 361 4305 ut
382 4244 495 4304 ameris
518 4243 609 4323 juxta
636 4260 818 4304 mensuram
846 4243 1004 4323 dignitatis
1024 4250 1098 4321 tuas,
1151 4241 1238 4303 ralia.
1254 4243 1284 4304 t.
1301 4243 1480 4305 Proximum
1495 4245 1597 4324 quoad
1609 4247 1730 4310 eadem
1742 4251 1774 4310 5.
1793 4251 1918 4329 Denique

324 4334 384 4396 late
408 4333 446 4396 ab
470 4335 616 4396 omnibus
639 4334 672 4394 in
698 4335 816 4395 mundo
845 4337 1012 4406 creaturis,
1039 4337 1100 4398 alte
1150 4334 1298 4414 seipsum,
1325 4341 1356 4396 ct
1374 4336 1486 4398 deinde
1507 4337 1699 4417 proximum,
1722 4343 1830 4420 quoad
1848 4341 1918 4402 bom

323 4445 429 4490 amore
447 4427 665 4489 sublimissimo
698 4431 753 4488 tua
781 4427 962 4489 excellentia
988 4429 1095 4508 digno,
1150 4431 1287 4489 externa.
1312 4429 1359 4488 Ita
1376 4429 1488 4508 Laym.
1509 4428 1529 4491 l.
1546 4432 1576 4492 i.
1592 4438 1665 4491 tam.
1687 4434 1717 4494 3.
1738 4451 1765 4494 c.
1789 4435 1821 4495 3.
1839 4453 1876 4496 ex
1891 4435 1917 4495 S.

322 4519 477 4601 profunde
498 4538 570 4580 cum
590 4518 809 4580 demississima
824 4519 981 4599 agnitione
1000 4523 1098 4583 nostri
1150 4519 1207 4580 Th.
1220 4526 1251 4580 et
1264 4521 1482 4583 communiter.
1497 4520 1580 4583 [lade
1589 4523 1783 4586 resolvantur
1797 4525 1831 4587 di
1837 4545 1918 4587 rmus.

322 4612 426 4689 nihili,
436 4612 529 4690 longe
542 4611 582 4672 ab
596 4612 657 4672 hoc
672 4617 830 4674 momento
845 4613 878 4672 in
892 4619 1057 4692 aeternum,
1067 4623 1099 4678 et
1191 4615 1212 4646 ‘⁶
1235 4614 1261 4675 I.
1285 4615 1393 4674 Paooat
1409 4620 1517 4675 contra
1536 4615 1720 4686 charitatem
1739 4619 1803 4695 sui,
1818 4620 1869 4700 qui
1880 4637 1919 4678 sa-

322 4705 414 4767 ultra.
433 4704 465 4765 Si
480 4703 547 4778 tibi,
562 4703 606 4764 mi
620 4704 711 4781 licus,
732 4703 834 4785 aliqua
856 4704 1002 4784 perfectio
1016 4707 1096 4768 ima·
1149 4705 1246 4767 lutem
1281 4723 1370 4767 suam
1405 4705 1613 4785 spiritualem,
1645 4710 1697 4770 vel
1731 4710 1918 4792 corporalem

321 4795 467 4876 ginabilis
489 4796 619 4872 deesset,
639 4813 709 4874 quae
731 4795 765 4855 in
788 4813 850 4873 me,
873 4802 929 4858 aut
947 4804 1096 4877 potestate
1149 4798 1294 4878 negligit:
1310 4798 1395 4880 quod
1408 4815 1502 4876 grave
1516 4804 1571 4872 est,
1589 4800 1614 4859 si
1626 4799 1681 4862 fiat
1695 4801 1764 4863 sine
1779 4823 1880 4878 causa,
1894 4807 1919 4862 ct

321 4908 392 4952 mea
406 4888 605 4966 esset,lihens
615 4905 665 4948 mc
680 4887 732 4948 iila
753 4889 931 4968 spoliarem,
945 4898 980 4952 ut
995 4892 1099 4956 sitalis
1150 4909 1220 4952 cum
1243 4891 1330 4970 gravi
1354 4891 1480 4966 damno,
1502 4909 1532 4951 v.
1556 4909 1585 4970 g.
1615 4894 1738 4971 mortis,
1759 4895 1813 4956 rel
1826 4895 1919 4976 gratis

321 5001 387 5044 non
410 4998 501 5056 esses,
531 4981 693 5042 redderem
715 4985 746 5040 te
774 4981 1043 5061 perfectissimum,
1066 4991 1098 5047 et
1128 4983 1263 5044 morbi.
1279 4982 1377 5044 Trull.
1395 4982 1416 5044 l.
1427 4984 1458 5043 2.
1472 5001 1498 5043 c.
1510 4985 1541 5043 6.
1556 4981 1587 5043 d.
1602 4986 1629 5044 t.
1642 5003 1673 5044 a.
1688 4989 1718 5046 t.

322 5073 593 5138 amabilissimum.
609 5074 780 5148 Protastor,
796 5073 927 5135 Domine
940 5075 996 5152 mi,
1012 5077 1096 5156 quod
1191 5121 1212 5152 ,‚
1229 5076 1267 5135 ll.
1284 5074 1405 5136 Nullius
1417 5074 1492 5135 boni
1510 5077 1722 5154 consequendi
1743 5095 1840 5142 causa
1852 5079 1916 5141 licet

321 5187 378 5229 nec
400 5167 533 5248 gloriam
556 5170 706 5229 aeternam
727 5165 832 5240 velim,
847 5171 1000 5246 quatenus
1013 5168 1097 5231 bona
1146 5185 1284 5249 peceare,
1298 5168 1391 5228 etiam
1404 5166 1576 5238 venialiter,
1586 5169 1739 5247 quiatalis
1750 5171 1847 5234 vellet
1860 5171 1910 5232 sibi

320 5261 399 5322 mibi
412 5265 469 5336 est,
492 5259 546 5320 sed
560 5258 633 5338 quia
649 5258 762 5336 dignus
783 5275 827 5333 es,
842 5263 879 5318 ut
897 5277 953 5338 per
965 5258 1096 5338 gloriam
1147 5261 1266 5322 malum
1278 5260 1447 5340 spirituale,
1463 5261 1571 5340 Laym.
1589 5259 1662 5322 ibid.

320 5371 423 5416 meam
436 5357 470 5412 tu
484 5350 677 5432 glorificeris,
694 5355 725 5410 et
738 5349 771 5409 in
785 5355 939 5410 aetemum
953 5353 1096 5413 amerisa
1190 5401 1210 5422 ,,
1227 5355 1283 5413 ΙΙΙ.
1298 5354 1435 5413 Tenetur
1443 5352 1573 5432 quisque
1582 5353 1725 5432 proximo
1735 5354 1768 5415 in
1784 5363 1916 5417 exuema

320 5465 387 5522 me,
410 5455 441 5506 et
459 5443 498 5505 ab
521 5442 608 5505 omni
629 5446 780 5504 creatura.
805 5440 971 5504 Pauluscki
993 5442 1040 5504 die
1062 5447 1092 5506 6.
1147 5445 1327 5507 necessitate
1349 5444 1501 5525 spirituali
1527 5445 1697 5506 constituto
1726 5465 1914 5523 succurrere,

320 5539 396 5600 med.
410 5543 438 5599 t.
454 5555 488 5619 p.
504 5537 532 5598 3.
546 5535 710 5598 Ovcrbum
723 5533 883 5596 divinumt
899 5553 954 5596 cur
968 5537 1030 5615 pati
1041 5554 1091 5600 me
1147 5539 1240 5601 etiam
1270 5555 1342 5600 cum
1363 5542 1447 5598 certo
1471 5535 1543 5598 vite
1561 5537 1718 5618 periculo:
1746 5537 1918 5601 dummodo

579 2725 672 2786 Amor
684 2725 854 2788 excessivos.

1194 3647 1265 3725 Qua
1287 3648 1359 3712 ordo
1377 3650 1536 3713 savardes
1557 3658 1636 3715 iate·
1656 3675 1801 3738 pascuas
1824 3677 1883 3741 qaoe

1439 3742 1611 3826 diliguntur
1624 3750 1641 3810 i
