4200 6348
456 381 494 440 86
1070 394 1180 458 LlBEu
1202 395 1434 460 Pnoonouos

454 548 619 626 ⁰rdinibus,
637 554 1134 642 risoimalimiesrefornmtianibus,
1147 563 1229 626 nibil
1273 560 1447 626 Psalmadia
1470 559 1584 624 debuit
1603 577 1660 622 asse
1675 556 1837 634 moderata,
1858 555 1929 638 quis
1948 557 2016 621 nnn

455 641 544 704 ali'ud
556 644 680 724 effecisse
702 670 792 731 quam
808 653 990 733 primariam
1014 655 1090 718 mali
1108 676 1224 720 causam
1273 656 1337 737 ejus
1349 647 2017 736 prolisitasparitpraecipitantiummalcstisn

454 737 604 818 mamilli
614 738 757 816 dilatate,
783 789 787 796 ·
1032 739 1037 755 ⁸
1273 747 1482 828 euopoti'onem.
1507 745 1568 822 (luo
1577 744 1649 826 plus
1668 751 1762 806 auctis
1787 749 1853 803 sunt
1864 739 2016 822 psalmodio,

494 830 649 893 Intellecta
662 835 700 895 de
711 836 872 899 ordinibus
887 845 916 900 st
930 839 1078 901 institutis
1087 861 1105 903 a
1115 843 1226 905 Sancta
1273 840 1427 916 orationes,
1440 858 1551 920 preces,
1576 836 1755 899 tantumdem
1768 853 1908 918 peroeqiia
1917 853 2018 916 propor-

456 921 533 982 Sede
552 925 698 1004 probatis,
715 929 803 1007 quasi
818 931 960 992 distincta
974 933 1098 1013 piorum
1112 953 1223 996 mune·
1276 933 1353 994 tione
1365 931 1445 994 amni
1462 939 1591 1014 tempore
1602 929 1772 993 imminutus
1783 927 1884 1016 [eruor
1894 935 1946 1003 est,
1958 945 2018 988 sam·

455 1032 531 1074 num
545 1017 689 1095 varietas
705 1022 817 1100 quibus
831 1023 963 1086 distincti
977 1026 1101 1089 ordines
1114 1028 1225 1090 addicti
1275 1025 1401 1110 titusque
1419 1024 1613 1108 rcqalan'um.
2099 1088 2100 1093 η

455 1113 541 1182 sunt,
557 1116 669 1172 natissa
683 1131 739 1174 soa
752 1117 1018 1196 perturbationem
1028 1126 1059 1182 et
1072 1121 1224 1183 confusio·
1315 1121 1344 1180 5.
1362 1117 1461 1181 Nulla
1471 1114 1732 1198 soretadmittcnda
1741 1113 1891 1176 distinctio
1900 1111 2021 1172 mannia

454 1217 528 1260 nem
542 1220 649 1282 Parem
664 1205 784 1284 debeat,
1274 1212 1424 1273 intersim
1439 1210 1534 1286 cboro,
1551 1210 1613 1272 siue
1625 1207 1792 1270 ministeriis
1805 1204 1951 1280 addictos,·
1966 1209 2021 1264 ina·

454 1315 552 1392 Falsa,
596 1320 781 1393 calumniosa,
827 1325 859 1386 in
891 1335 1002 1388 samo,
1044 1328 1223 1410 fundatores,
1274 1302 1406 1409 qualitas
1419 1303 1520 1365 istbme
1534 1302 1723 1408 pravissimas
1736 1300 1817 1362 omni
1837 1307 1959 1402 tempore
1976 1295 2022 1400 litu

494 1429 649 1497 eorumque
674 1413 773 1494 fideles
796 1417 938 1493 alumnos,
972 1431 1034 1482 tum
1062 1431 1089 1483 ,q
1104 1423 1135 1484 p„
1153 1425 1226 1504 ipso,
1275 1405 1430 1469 excitauit,
1456 1416 1490 1457 ac
1515 1395 1683 1472 discordias,
1703 1401 1731 1455 et
1755 1413 1773 1455 a
1794 1387 2023 1453 communitatibus

493 1521 617 1566 summas
631 1506 788 1590 Pontifices
802 1510 960 1593 injuriosa,
1274 1489 1462 1570 repularium
1474 1489 1615 1570 spiritum
1628 1482 1921 1564 claritatisespulit.

1313 1585 1345 1643 6.
1367 1582 1466 1642 Votum
1476 1591 1626 1663 perpetuis
1638 1577 1806 1642 stabilitatis
1813 1595 1960 1657 nunquam
1973 1572 2024 1633 tole

759 1696 918 1760 Lxquqq
1275 1673 1414 1737 randum.
1427 1674 1496 1736 Non
1509 1673 1590 1735 illud
1598 1681 1702 1734 norant
1719 1679 1826 1732 irctmes
1837 1663 2026 1746 monacbiqu

1274 1776 1369 1828 tamen
1382 1766 1523 1829 Ecclesia
1535 1765 1691 1828 consolatio
1703 1773 1730 1825 et
1741 1760 2025 1824 cbri'stianismioim·

493 1853 543 1912 83·
554 1851 722 1933 flssfflllb3',
738 1875 800 1938 qua
813 1865 979 1940 postquam
992 1860 1141 1941 praemisit
1152 1879 1226 1944 par·
1274 1866 1404 1920 mentam
1425 1860 1615 1920 sustiterunt.
1648 1857 1721 1920 Vota
1740 1853 1894 1926 castitatis,
1917 1867 2025 1934 pauper·

454 1963 522 2004 uum
532 1963 638 2026 corpus
645 1946 747 2028 depens
760 1950 843 2011 intra
853 1953 1148 2029 ciuilemsoci'etatem,
1156 1955 1228 2035 quin
1276 1952 1343 2012 tatis
1356 1960 1385 2012 et
1398 1951 1569 2012 obedientiis
1582 1969 1637 2010 non
1649 1949 1850 2012 'admittentur
1864 1946 1958 2006 instar
1967 1961 2027 2004 com

455 2037 515 2116 sere
533 2037 571 2096 sil
590 2057 660 2118 pars
673 2040 812 2121 ejusdem,
830 2063 1013 2126 parvamque
1027 2045 1226 2108 monarchiam
1275 2041 1371 2102 munis
1391 2049 1419 2102 et
1439 2039 1552 2101 stabilis
1579 2039 1701 2120 repulse.
1724 2037 1761 2100 Si
1775 2036 1841 2118 quis
1854 2054 1887 2096 ea
1904 2043 1974 2104 vota,
1989 2039 2027 2090 aut

454 2123 521 2206 fiqit
537 2126 669 2206 instato,
685 2149 797 2212 semper
810 2152 866 2194 esse
877 2135 1080 2216 pericnlmum.
1097 2135 1227 2197 subinde
1275 2133 1384 2211 omnia,
1400 2132 1566 2212 aetatique
1583 2132 1681 2212 facere
1692 2128 1826 2202 astiterit,
1847 2125 2027 2188 consiliumet

453 2217 512 2278 hoo
535 2221 663 2283 nomino
687 2223 869 2288 criminatur
896 2228 1015 2306 privata
1027 2229 1225 2306 monasterio,
1277 2224 1436 2288 ceniamab
1458 2225 1590 2306 episcopa
1600 2222 1779 2305 postulabit,
1796 2221 1851 2302 qui
1868 2227 2028 2280 tamennon

454 2315 628 2376 communis
642 2315 772 2378 instituti
784 2317 907 2381 vinculo
918 2320 1046 2381 subuno
1056 2322 1226 2400 prasertim
1276 2337 1363 2398 quam
1374 2317 1523 2398 permittet
1544 2325 1578 2376 ut
1588 2323 1731 2398 perpetua
1745 2314 1814 2389 sint,
1831 2331 1884 2373 nec
1898 2309 1966 2372 anni
1974 2306 2030 2390 finci

453 2405 551 2483 sopite
565 2407 739 2468 consociata
763 2410 849 2471 velut
861 2413 1004 2492 speciales
1015 2413 1144 2473 totidem
1158 2432 1225 2476 mo·
1275 2409 1424 2470 excedant.
1441 2406 1649 2471 Tantummodo
1658 2405 2029 2488 facultasdabi'tureuieno

453 2498 1224 2585 norchisscivilireipublicaepericiilosasetnoxias.
1276 2502 1365 2564 nandi
1377 2501 1430 2563 snb
1438 2501 1540 2564 iisdem
1553 2499 1778 2562 conditionibus.

452 2615 1226 2699 Falsu,temerari'a,requlai·ibusi'nstitutisaSancta
1315 2598 1344 2656 ⁷·
1367 2594 1485 2700 Olim
1498 2594 1646 2698 tibilim
1667 2592 1781 2655 libelli
1799 2592 1994 2697 ''williel''
2006 2586 2030 2646 ‘l

494 2707 566 2772 Sede
591 2708 631 2770 ad
663 2710 817 2791 reliqi'onis
853 2714 1020 2794 profectum
1055 2713 1226 2795 approbatis
1274 2706 1375 2790 ‘sm'l‘m
1389 2685 1807 2791 ‘'ualfiiiifldlbilmlmfflll
1823 2675 2032 2765 inpietatem

494 2801 653 2883 injuriosa,
689 2802 788 2884 favens
822 2802 1029 2866 wolscorum
1063 2807 1095 2868 q„
1127 2806 1225 2870 ,adm
1275 2797 1370 2859 ipsum
1384 2778 1544 2862 pertinebit
1558 2777 1709 2840 monsclios
1722 2777 1891 2852 admittere,
1906 2783 1934 2837 et
1949 2769 2032 2854 cirpil-

495 2893 632 2954 insiitnta
647 2894 920 2958 i'nsectotionibuset
934 2897 1105 2960 calumniis.
1275 2869 1489 3024 tere-luserint·
1516 2879 1611 2932 iamin
1644 2878 1758 2952 ‘meilis’
1789 2862 2032 2930 wilinbfflmillm

1274 2982 1349 3024 consi
1367 2984 1404 3025 io.

1315 3058 1345 3118 8.
1366 3056 1527 3138 deputares
1541 3055 1686 3124 ordinum,
1707 3055 1761 3136 qui
1773 3051 1870 3116 adbuc
1885 3055 2032 3115 censum.

1289 3151 1343 3211 icet
1365 3148 1531 3226 sacerdotes,
1561 3149 1592 3209 in
1615 3147 1667 3209 boc
1692 3146 1902 3210 monasterium
1931 3138 2035 3206 admitti

1274 3243 1366 3305 etiam
1386 3249 1511 3322 possent,
1539 3239 1622 3301 mado
1643 3239 1673 3300 in
1694 3238 1815 3302 silentio
1841 3247 1870 3300 et
1892 3233 2036 3299 solitudine

1270 3333 1402 3416 propriis
1423 3331 1654 3414 sanctificationi
1686 3350 1790 3396 uacare
1808 3338 1968 3414 cuperent;
1988 3343 2035 3408 qtt

763 3449 920 3514 LXXqu·
1273 3445 1342 3488 cusu
1355 3425 1564 3506 dispensationi
1574 3424 1652 3486 loem
1665 3424 1751 3506 fieret
1760 3425 1792 3486 in
1800 3423 1935 3506 qeneroli
1946 3415 2036 3501 requio

1273 3537 1392 3580 numero
1417 3521 1449 3584 9⁰
1463 3523 1587 3592 statuta,
1608 3519 1651 3578 sic
1667 3525 1764 3580 tamen
1785 3537 1820 3580 ne
1846 3517 1918 3579 ui'tce
1933 3513 2037 3578 institu-
2090 3518 2091 3521 ’

491 3609 573 3689 555.
603 3609 668 3672 Ait.
696 3611 724 3670 l.
741 3608 786 3670 De
807 3627 867 3670 uno
894 3607 1041 3673 duntaxat
1063 3613 1161 3677 ordine
1191 3617 1223 3678 in
1272 3613 1378 3673 tionem
1391 3619 1548 3696 sequamur
1560 3609 1597 3671 ab
1609 3610 1679 3672 aliis
1691 3609 1919 3692 discrepantem,
1935 3605 2037 3670 man
2093 3668 2094 3671 ,

454 3701 590 3765 Ecclesia
607 3700 770 3771 retinenda,
791 3701 1027 3783 acdeseli'qenda
1037 3725 1101 3787 prii
1114 3711 1224 3772 catara
1271 3723 1327 3766 non
1342 3704 1414 3786 plus
1435 3721 1526 3786 quain
1550 3723 1620 3773 nna,
1636 3711 1688 3764 aut
1704 3701 1744 3764 ad
1762 3722 1910 3764 summum
1929 3696 2037 3762 dunis
2099 3700 2100 3703 ’

455 3795 556 3876 reputa
583 3795 681 3855 saneti
705 3794 870 3864 Benedicti,
897 3815 963 3856 cuin
977 3796 1011 3856 ob
1024 3799 1225 3880 suiprcesian-
1271 3797 1349 3858 diem
1365 3795 1465 3858 Missae
1479 3794 1673 3874 celebrentur,
1688 3795 1813 3878 satisque
1824 3794 1943 3858 caeteris
1955 3809 2038 3855 mein

452 3893 534 3964 tiam,
561 3897 623 3948 tum
637 3887 673 3948 ab
684 3886 833 3968 praemia
856 3886 941 3948 illius
961 3887 1075 3950 ordinis
1098 3894 1222 3957 merita:
1270 3888 1383 3950 dotibus
1393 3906 1450 3948 csse
1462 3885 1563 3949 debeat
1575 3905 1636 3950 unu
1654 3907 1719 3948 cuin
1733 3889 1943 3950 communitate
1956 3899 2039 3948 cosm

450 3980 493 4040 sia
509 3987 603 4041 tamen
618 3987 651 4040 ul
666 3978 762 4056 i'iibis,
779 3997 845 4060 ques
859 3978 939 4059 sorte
948 3991 1098 4042 occurrent
1111 3992 1222 4067 tempo·
1273 3979 1400 4044 librare.

452 4090 520 4132 rum
539 4071 701 4133 conditioni
725 4073 975 4152 minuscanprua,
1003 4074 1140 4138 instituta
1155 4080 1223 4141 uitae
1326 4071 1401 4134 item
1413 4071 1913 4154 moresomnationemonalium(§
1929 4068 1988 4150 il.)
2099 4084 2100 4087 ’

451 4164 623 4246 ratioapud
634 4164 906 4245 Portum-Reqium
922 4164 1013 4226 lucem
1027 4169 1225 4248 properatost
1316 4165 1385 4227 Vota
1392 4173 1531 4246 perpetua
1557 4185 1647 4247 usque
1666 4165 1705 4226 od
1717 4185 1828 4228 annum
1843 4169 1897 4243 lb,
1924 4172 1978 4226 aut
1996 4162 2039 4234 li,

451 4255 667 4343 explorandum
682 4255 756 4340 quid
775 4256 891 4336 addere,
907 4256 979 4342 quid
998 4257 1148 4324 detrabere
1159 4281 1224 4326 can-
1270 4275 1328 4318 non
1345 4255 1535 4318 admittenda.
1551 4256 1692 4318 Mantalos
1704 4257 1807 4322 solidis
1824 4256 2042 4320 innascunt-

452 4349 564 4425 veniat;
1273 4347 1334 4422 lius,
1363 4352 1514 4429 speciatim
1538 4347 1635 4410 labori
1661 4348 1848 4412 addicendo:
1880 4372 1901 4412 a
1931 4343 2042 4412 canisii

492 4443 522 4504 ἢ.
540 4437 586 4504 Ne
612 4447 752 4522 compotes
777 4436 855 4519 fiant
882 4437 1080 4506 ecclesiasticae
1105 4444 1223 4508 liicrar-
1270 4441 1487 4524 spiritualitate
1511 4460 1571 4522 qna
1589 4440 1740 4522 pleraeque
1767 4441 1963 4519 distineatur,
1986 4456 2042 4500 oio

451 4533 536 4608 cbice,
556 4533 655 4618 quise
683 4531 751 4592 biii'c
765 4529 868 4591 ordini
879 4531 1085 4615 adp'unuerint,
1109 4558 1159 4600 nec
1185 4539 1225 4602 ad
1271 4531 1392 4595 candes:
1419 4531 1635 4614 ecpaideisdum
1660 4541 1774 4611 utrum,
1802 4536 1885 4618 quod
1915 4535 1957 4598 ad
1976 4533 2043 4614 ipsas

451 4645 547 4690 saeros
574 4623 697 4687 Ordines
705 4632 943 4706 promoveantur,
967 4637 1170 4712 praeterquam
1185 4632 1226 4694 ad
1270 4626 1384 4701 attinet,
1406 4627 1499 4688 satius
1527 4625 1604 4706 soret
1628 4628 1837 4689 monasterium
1866 4631 1902 4690 in
1935 4625 2043 4690 numu

452 4739 594 4780 summum
622 4736 706 4795 unice,
738 4716 784 4777 vel
814 4715 883 4791 duo,
914 4716 1053 4782 initiandi
1082 4732 1222 4805 tanqum
1271 4716 1423 4797 relinqui:

453 4811 561 4879 curati,
593 4809 639 4872 uel
662 4808 808 4890 capellani
835 4811 1015 4886 monasterii,
1044 4813 1168 4895 reliquis
1191 4817 1222 4878 i'n
1273 4817 1407 4901 Spstema
1429 4819 1566 4900 uipenlis,
1591 4827 1678 4902 atque
1695 4820 1765 4902 jam
1791 4823 1962 4904 antiquitus
1980 4835 2044 4902 pro·

452 4903 586 4984 simplici
600 4902 740 4963 lsst'tm'ttm·
754 4899 855 4963 Ordine
868 4903 1095 4975 remanentibus:
1312 4910 1389 4972 sara
1422 4929 1456 4972 ac
1476 4919 1597 4994 receptis
1629 4911 1789 4994 diciplina·
1814 4914 2041 4984 subuernoias,

493 4999 522 5058 3.
543 4994 638 5058 llninn
652 4995 683 5054 in
694 5013 868 5076 unoquoque
881 4995 995 5057 eim'tate
1011 4996 1222 5060 admittendum
1309 5003 1526 5084 perniciosum,
1553 5003 1818 5068 Constitutionibus
1840 5004 2042 5089 Apostolieis,

453 5087 669 5162 moriasterium,
692 5085 777 5167 idque
802 5095 889 5148 entra
912 5088 1019 5149 mania
1043 5090 1171 5152 ciuitatis
1193 5093 1223 5152 in
1311 5103 1339 5155 ct
1358 5095 1496 5176 plurium
1516 5095 1719 5158 Consiliorum
1743 5099 1837 5160 etium
1861 5097 2045 5180 qencralinm

454 5181 526 5244 locis
536 5177 726 5244 abditioribus
750 5186 778 5240 et
791 5179 994 5244 remotioribus
1007 5180 1220 5249 collocandum.
1311 5195 1373 5247 tuns
1390 5188 1540 5268 speciatim
1558 5188 1729 5250 Tridentini
1745 5192 1953 5253 sanctionibus
1967 5205 2045 5272 oppa

493 5275 524 5334 i.
546 5272 630 5334 Inter
649 5271 849 5352 occupationes
876 5271 944 5334 uitis
967 5275 1131 5338 monasticis
1147 5295 1222 5357 pars
1310 5279 1401 5345 situm
1428 5288 1456 5342 et
1486 5281 1678 5362 injuriosum,
1707 5281 1812 5362 saona
1838 5283 2043 5354 lanitium

453 5383 508 5428 sua
531 5363 629 5426 labori
650 5381 788 5424 annuum
804 5361 938 5424 inerrabile
951 5364 1102 5443 seruanda,
1119 5366 1221 5429 relicto
1313 5371 1343 5430 in
1384 5371 1541 5434 mannum
1575 5381 1642 5435 uota
1668 5380 1697 5436 et
1724 5375 1882 5456 reptilium
1912 5377 2043 5438 instituta

455 5466 551 5518 tomen
564 5453 1006 5536 conprimtemparepsalmodice
1021 5457 1221 5538 impendendo,
1310 5461 1458 5524 stabiliori
1491 5464 1681 5529 consiliarum
1710 5468 1952 5549 isanpeli'coium
1975 5485 2042 5550 pin

456 5556 507 5611 aut
534 5547 632 5620 etiam,
652 5547 740 5608 si'iui
763 5545 898 5620 libuerit,
924 5547 1089 5610 litterarum
1114 5549 1221 5612 studio.
1312 5553 1433 5631 sessioni
1456 5555 1583 5627 additia,
1607 5559 1749 5620 conuiciis
1775 5569 1803 5620 ct
1833 5561 2005 5626 calumniis.

454 3008 497 3068 lle
522 3015 686 3088 systemate,
714 3025 762 3069 seu
785 3009 1005 3077 ordinationum
1031 3014 1226 3095 complesi'one

492 3100 577 3165 dueta
603 3119 640 3161 es
653 3098 752 3162 allatis
778 3102 897 3184 requb's,
920 3112 1027 3166 etacio
1046 3106 1226 3186 sequentibus
1275 3149 1288 3212 l

492 3191 630 3254 articulis
643 3193 846 3274 comprehensa
852 3214 910 3277 pro
924 3196 1133 3278 reformatione
1141 3219 1226 3282 repu-

495 3284 619 3346 larium.
637 3283 741 3366 (510.)
