3938 6338
678 356 728 416 DE
749 355 1015 418 CONSCIENTIA.
1581 365 1637 424 etl

79 527 131 584 cet:
146 521 264 601 Physica
281 539 423 600 erronea,
443 537 513 602 quae
536 525 582 582 est
600 519 750 582 difformis
764 521 819 581 ob·
871 523 940 584 talis
951 541 1023 585 cum
1036 522 1199 598 evidentia,
1220 522 1280 584 aha
1293 524 1360 586 sine
1378 526 1544 604 evidentia,
1559 545 1590 588 v.
1607 547 1639 608 g.

73 615 141 694 jecto
158 619 187 676 et
204 614 291 675 aliter
304 615 458 692 enuntiat,
473 632 567 693 quam
581 619 697 693 sparte
708 613 754 674 rei
762 613 818 674 sit:
870 616 1049 695 perfidem:
1076 615 1216 677 similiter
1237 617 1415 697 probabilis,
1433 619 1552 681 aliaest
1566 639 1641 682 con·
1753 650 1765 669 ·

76 707 158 768 ethice
175 713 254 768 recto
275 712 331 784 est,
347 726 418 787 quse
433 713 478 767 est
491 706 658 767 conformis
671 704 820 785 appetitui
869 707 977 769 lormis
992 708 1123 786 objecto,
1145 713 1175 768 ει
1199 708 1292 768 simul
1305 711 1455 789 appetitui
1469 717 1565 788 recto,
1581 713 1642 774 alia

74 803 153 876 recto,
174 798 272 868 idest,
293 798 375 860 bene
393 800 534 860 ordinato
558 804 589 859 ει
611 798 758 878 disposito
781 797 821 857 ad
869 805 915 860 est
929 800 1079 861 difformis
1096 800 1217 879 objecto
1238 801 1290 862 sed
1305 801 1472 863 conformis
1490 805 1641 884 appetitui

73 891 374 970 implendamomnem
384 891 439 953 Dei
446 891 558 970 legem,
569 890 699 969 ideoque
709 889 821 950 dicitur
867 899 963 968 rccto,
986 897 1017 952 et
1039 893 1078 952 ad
1091 893 1172 952 banc
1190 899 1305 972 spectat
1319 894 1542 957 invincibiliter
1559 915 1641 958 erro

72 983 165 1061 ethice,
180 983 211 1043 id
226 987 279 1058 est,
296 985 330 1044 in
344 984 452 1046 ordine
469 984 507 1044 ad
522 999 625 1044 mores
635 987 731 1056 recta;
747 981 820 1042 hinc
868 1002 946 1044 nea:
963 990 1100 1046 econtra
1120 985 1304 1045 conscientia
1323 1003 1388 1046 non
1408 991 1501 1061 recta,
1523 987 1642 1050 aliaest

71 1075 150 1138 ctiam
168 1075 340 1138 Aristotcles
361 1079 391 1137 6.
406 1075 482 1138 ΕιΙι.
498 1095 560 1157 εαρ.
578 1077 608 1136 i.
624 1075 687 1136 ait:
706 1073 820 1136 Activoe
868 1095 1007 1149 erronea,
1025 1095 1095 1155 quae
1109 1094 1221 1155 nempe
1236 1083 1282 1138 est
1296 1077 1447 1139 difformis
1463 1079 1596 1158 objecto,
1608 1085 1640 1142 et

70 1169 159 1230 mentri
176 1168 278 1230 cattas
292 1175 346 1244 est,
371 1188 437 1250 quor
456 1170 606 1250 appetitui
618 1179 693 1228 recto
707 1184 822 1227 mesen·
867 1169 1017 1250 appetitui
1038 1175 1134 1245 recto,
1150 1169 1212 1229 alia
1231 1171 1406 1250 temeraria,
1428 1191 1498 1251 quae
1515 1173 1590 1235 licet
1603 1174 1641 1234 sit

69 1267 141 1321 ccccc
148 1265 202 1329 cie
212 1261 309 1323 ethice
323 1279 455 1323 erronea
464 1268 521 1334 est,
532 1279 602 1341 quae
612 1265 658 1322 εει
671 1258 821 1320 difformis
868 1261 1033 1323 conformis
1046 1261 1176 1340 objecto,
1192 1267 1309 1339 tamen,
1324 1264 1560 1342 qniaformatnr
1569 1267 1641 1328 sine

68 1352 201 1434 appetitui
213 1359 307 1414 recto.
866 1355 1019 1434 prudente
1049 1355 1177 1423 motivo,
1213 1359 1258 1416 εει
1297 1355 1449 1418 difformis
1490 1358 1640 1437 appetitui

35 1459 50 1516 e
100 1445 161 1524 §i
183 1445 377 1507 Conscientia
394 1445 521 1526 physice
542 1447 626 1505 recta
643 1446 820 1522 potestesse
867 1451 962 1508 recto.

68 1537 151 1599 ethice
164 1556 301 1614 erronea,
313 1556 345 1598 v.
362 1557 395 1617 g.
406 1539 431 1598 si
436 1537 560 1617 juvenis
570 1537 608 1598 dc
616 1535 755 1610 homine,
767 1534 820 1615 qui
907 1537 967 1617 §t
986 1539 1114 1612 Quando
1133 1538 1319 1600 conscientia
1333 1541 1541 1602 communiter
1561 1541 1640 1603 divi·
1668 1553 1702 1614 Η

68 1648 128 1691 vere
139 1636 257 1692 nonest
269 1635 360 1710 pater
374 1648 458 1706 suns,
474 1647 601 1709 prorsus
612 1633 729 1688 temere
739 1626 820 1704 judi·
867 1629 950 1690 ditur
963 1631 997 1690 in
1010 1635 1126 1692 rectam
1145 1635 1176 1691 et
1196 1649 1371 1711 erroneam,
1392 1651 1521 1694 erronea
1534 1639 1640 1696 autem

68 1729 115 1800 oct,
135 1723 214 1804 quod
231 1741 297 1784 non
317 1723 359 1784 sit
377 1727 466 1804 pater
483 1739 569 1798 snus,
590 1720 722 1798 ideoque
741 1718 821 1780 nolit
868 1722 1073 1784 subdividitur
1090 1722 1125 1782 in
1141 1722 1336 1802 vincibilem,
1361 1730 1393 1785 et
1415 1725 1638 1804 invincibilem,

68 1834 129 1876 cum
148 1816 309 1892 honorare,
335 1815 499 1876 formando
523 1812 581 1874 sibi
601 1811 820 1873 conscientiam
867 1815 1052 1876 conscientia
1081 1821 1166 1878 recta
1199 1817 1332 1877 sumitur
1365 1817 1556 1880 strictissime
1581 1837 1639 1899 pro

67 1907 225 1984 hocmodo;
236 1927 295 1968 noc
307 1915 409 1970 tmeor
420 1926 486 1969 cum
497 1905 682 1966 honorarent
692 1911 817 1984 putrere,
867 1905 1003 1985 physice,
1024 1912 1054 1968 et
1078 1907 1176 1968 ethice
1196 1914 1296 1969 recta:
1312 1909 1406 1970 Teril.
1423 1915 1528 1971 sutem
1541 1911 1640 1972 sumit

67 2019 108 2081 quc
124 2019 182 2062 cere
198 2020 255 2062 uon
273 2007 317 2062 est
332 2007 421 2081 poter
434 2017 532 2067 meus:
546 1994 595 2058 sed
606 1995 655 2058 istc
669 1995 751 2056 horno
762 2013 820 2056 reon
868 1997 960 2059 latius
980 2017 1038 2079 pro
1058 1999 1157 2060 ethice
1179 2006 1273 2076 recta,
1288 2001 1351 2062 sive
1364 2001 1404 2062 sit
1413 2003 1539 2082 physice
1556 2009 1641 2063 recta

66 2101 101 2154 ct
111 2111 170 2155 cere
179 2101 264 2175 poter
276 2111 370 2170 meus,
386 2110 454 2173 erpo
466 2109 524 2152 coe
536 2097 633 2151 terreor
648 2107 714 2150 curn
729 2087 819 2148 hono-
868 2089 931 2152 sive
954 2110 1037 2167 non;
1062 2092 1135 2152 hinc
1153 2093 1325 2153 secondum
1341 2094 1435 2154 Teril.
1453 2096 1640 2156 conscientie

66 2204 131 2263 rore,
147 2186 212 2247 hcc
223 2184 413 2246 conscientie
433 2189 480 2245 est
494 2182 621 2262 physice
639 2185 733 2252 recte,
747 2179 821 2259 qnia
866 2189 950 2244 recta
962 2183 1020 2244 sub
1033 2201 1066 2246 se
1079 2185 1313 2263 comprehendit
1325 2185 1551 2248 invincibiliter
1559 2206 1641 2248 erro-

67 2296 159 2340 omncs
171 2278 254 2340 illius
272 2277 500 2358 propositiones
513 2281 587 2336 sunt
604 2273 775 2335 secundum
788 2290 820 2332 se
867 2292 969 2352 neam,
985 2281 1208 2356 consequenter
1229 2278 1415 2338 conscientia
1436 2297 1576 2348 errones,
1593 2298 1641 2340 so-

67 2371 220 2432 coniormes
242 2370 384 2448 objecto;
404 2373 541 2428 attamen
560 2373 606 2427 est
622 2365 721 2426 ethice
735 2383 831 2430 erro·.
869 2365 1007 2426 cundum
1021 2365 1134 2445 ipsum,
1149 2383 1214 2425 non
1232 2365 1325 2427 debet
1344 2366 1475 2428 subividi
1490 2368 1523 2428 in
1537 2368 1640 2430 vinci-

67 2480 124 2541 nea,
138 2463 205 2544 quie
218 2469 265 2523 cst
273 2461 427 2522 difformis
435 2459 587 2540 appetitui
600 2463 694 2532 recto,
711 2457 820 2519 etideo
868 2455 973 2534 bilem,
989 2463 1020 2520 ει
1035 2457 1257 2534 invincibilem,
1273 2459 1328 2519 sed
1340 2463 1465 2520 tantum
1480 2461 1593 2539 partim
1607 2461 1640 2521 in

67 2555 218 2617 emendum
230 2555 321 2615 illam
344 2571 476 2634 operans
496 2557 610 2632 peceat,
625 2551 699 2631 quia
708 2567 821 2629 nempe
869 2567 1031 2612 erroneam
1050 2549 1186 2628 physice,
1202 2556 1233 2610 et
1251 2551 1360 2621 ethice,
1377 2552 1540 2630 partimin
1554 2571 1640 2614 erro·

67 2648 178 2729 qtdsque
198 2651 327 2709 tenetur
346 2645 689 2712 vellehonorareeum,
706 2644 820 2722 dequo
869 2659 962 2702 neam
986 2659 1051 2702 non
1071 2641 1196 2720 physice
1223 2641 1275 2702 sed
1300 2642 1398 2704 ethice
1412 2648 1551 2720 tantum,
1566 2645 1642 2724 qnia

67 2741 217 2820 prudenter
230 2739 375 2801 dubitare
389 2756 453 2799 non
467 2742 577 2816 potest,
593 2737 670 2816 quin
684 2736 723 2796 sit
734 2741 821 2814 pater
869 2750 982 2813 nempe
1002 2733 1165 2796 unciario
1188 2737 1244 2810 cst,
1269 2735 1316 2794 uti
1336 2753 1366 2796 ε.
1387 2737 1435 2796 10.
1451 2736 1639 2800 dictumest.

66 2852 136 2908 suus,
150 2833 268 2894 chamsi
281 2831 363 2892 forte
375 2849 408 2892 rc
421 2831 489 2911 ipsa
501 2847 566 2890 non
578 2829 628 2890 sit.
868 2826 907 2886 Et
928 2826 994 2887 haec
1013 2826 1151 2887 notanda
1172 2826 1299 2887 inerunt
1313 2846 1369 2906 pro
1384 2828 1539 2890 solvendis
1553 2829 1641 2890 diffi-

34 2927 48 2984 t
99 2926 282 2988 Conscientia
308 2923 435 3005 physice
460 2941 593 2984 erronea
626 2925 821 3001 potestesse
869 2917 1151 2998 cultatibuspostea
1164 2919 1384 2999 proponendis·

67 3017 149 3081 ethice
161 3025 253 3096 recta,
268 3017 319 3078 uti
333 3021 417 3096 patet
434 3015 630 3090 econtrario,
647 3031 722 3074 nam
731 3012 820 3091 juve·
912 3011 945 3086 Q.
963 3013 982 3072 3
1004 3013 1053 3072 Art
1063 3009 1132 3071 duri
1141 3013 1235 3092 possit
1245 3011 1419 3073 couscientia
1430 3013 1643 3076 invincibiliter

67 3111 106 3170 nis
123 3111 171 3173 ille
192 3115 320 3172 tenetur
345 3108 404 3168 sibi
418 3107 553 3169 formare
567 3107 649 3167 hanc
662 3105 819 3166 conscien-
870 3121 990 3165 erronea
1013 3103 1142 3164 monime
1164 3103 1241 3165 circa
1255 3103 1311 3184 jus
1331 3105 1574 3186 notureffiesp.
1590 3109 1644 3168 Po-

66 3203 147 3265 tiam:
175 3203 267 3264 illum
289 3199 433 3263 honorare
456 3199 556 3274 debeo,
586 3201 641 3280 pai
668 3206 708 3258 εει
732 3204 822 3277 pater
870 3201 940 3272 test,
967 3196 1013 3256 uti
1030 3195 1172 3276 pluribus
1190 3196 1369 3258 ostendetur
1389 3217 1407 3258 o
1430 3217 1512 3260 uum.
1535 3201 1593 3261 tre
1615 3208 1643 3261 et

66 3315 132 3356 acus
141 3317 150 3365 ,·
161 3295 208 3357 sed
218 3295 269 3354 dic
284 3292 370 3354 homo
390 3300 433 3353 est
452 3299 639 3374 potermcus:
652 3309 721 3372 erpo
734 3287 821 3350 illurn
871 3292 942 3351 720.

65 3385 193 3451 honorare
214 3385 322 3448 debeo:
343 3385 411 3445 haec
430 3384 618 3446 conscientia
637 3388 683 3443 εει
696 3381 822 3462 physice
913 3381 948 3456 O.
970 3383 1001 3442 4.
1025 3381 1074 3440 Αε
1093 3380 1266 3442 concientia
1288 3380 1509 3444 c'nor'ucibc'tc'ter
1525 3403 1644 3446 erronea
1669 3403 1707 3465 η

66 3499 189 3556 aranea,
219 3479 296 3560 quia
320 3477 424 3538 minor
447 3483 493 3538 est
519 3477 595 3538 laiss
617 3495 653 3536 ac
673 3474 823 3535 difformis
871 3479 1061 3534 contactum
1083 3479 1196 3533 εεειιεει
1216 3492 1234 3532 α
1258 3481 1385 3553 peccato,
1411 3473 1565 3536 sedetiam
1583 3475 1647 3537 dici

66 3572 188 3653 objecto;
203 3578 251 3634 cst
264 3577 373 3631 tamen
386 3569 485 3631 ethice
496 3574 590 3646 recte,
610 3567 684 3648 quia
698 3571 743 3628 cst
753 3584 824 3627 con·
866 3565 959 3646 possit
972 3583 1036 3626 ecre
1045 3563 1227 3637 conscicntia,
1239 3571 1266 3624 ct
1275 3564 1414 3644 surrectis
1427 3567 1531 3647 reputa
1540 3588 1643 3650 operc-

65 3665 157 3726 iormis
169 3663 322 3746 appetitui
331 3668 425 3723 recto.
872 3657 982 3718 tionis?
997 3660 1087 3737 Resp.
1113 3658 1220 3736 Negat.
1237 3657 1312 3717 Eliz.
1329 3661 1362 3717 c'n
1382 3657 1515 3720 doctrina
1529 3681 1644 3722 morum

32 3767 47 3825 8
96 3757 159 3837 §t
179 3755 377 3818 Conscientia
399 3758 525 3833 propter
543 3751 753 3832 ignorantiam
773 3751 821 3810 in-
873 3753 907 3810 c'rc
920 3749 1047 3832 append.
1067 3769 1097 3830 q.
1118 3753 1148 3812 9.
1164 3750 1239 3810 item
1254 3751 1405 3828 Camargo
1418 3751 1449 3810 in
1464 3751 1569 3832 Repul.
1587 3753 1643 3814 ho-

64 3849 229 3912 vincibilem
249 3846 378 3928 physice
397 3863 537 3923 erronea,
553 3851 599 3906 εει
616 3843 715 3905 ethice
728 3848 820 3914 recta,
867 3850 935 3906 ,cest
949 3842 1057 3904 rnorcl.
1078 3850 1160 3922 port.
1186 3841 1208 3902 l.
1229 3844 1259 3904 i.
1272 3850 1399 3902 controv.
1417 3847 1445 3903 l.
1463 3864 1575 3905 ocum.
1593 3849 1643 3906 33.

64 3942 157 4022 utiam
171 3943 370 4004 insinuatum
384 3944 439 4012 est,
450 3945 480 4000 ει
493 3937 740 4018 probabiturau.
752 3937 822 3996 tet.
874 3935 934 3996 Sed
948 3942 1030 3996 recte
1050 3953 1122 3995 cum
1139 3934 1298 3994 communi
1319 3935 1452 3996 attremat
1465 3937 1596 3998 Terillus
1613 3939 1645 3998 irc

64 4035 207 4096 Econtra
242 4032 431 4095 conscientia
464 4036 589 4112 propter
615 4031 824 4110 ignorantiam
873 4027 986 4108 Reputo
998 4047 1028 4109 q.
1041 4029 1090 4088 et.
1106 4034 1205 4096 essert,
1224 4029 1250 4087 l.
1267 4027 1354 4088 ilatio
1370 4029 1451 4088 estl.
1468 4030 1541 4108 qnia
1551 4049 1645 4092 omne

64 4126 230 4189 vincibilem
255 4125 382 4206 physice
410 4143 549 4200 erronea,
579 4141 644 4184 non
666 4128 712 4183 est
725 4121 825 4182 ethice
868 4121 1021 4200 judicium
1035 4119 1085 4181 hic
1096 4127 1127 4181 ct
1141 4139 1225 4181 nunc
1236 4120 1458 4182 invincibiliter
1468 4141 1645 4204 proponens

63 4227 145 4298 recta,
164 4221 240 4300 qiria
254 4224 300 4280 εει
313 4217 464 4279 difformis
478 4216 629 4298 appetitui
639 4221 734 4291 recto,
751 4231 824 4275 cum
873 4213 1012 4292 regulam
1040 4212 1235 4291 objectivam‚
1265 4211 1330 4272 sive
1363 4213 1554 4276 voluntatem
1589 4216 1645 4278 Dei

62 4311 138 4373 enim
149 4314 246 4375 homo
259 4311 330 4372 talis
341 4317 446 4391 posset
466 4315 497 4371 ct
517 4309 643 4370 deberet
654 4308 766 4370 melius
776 4307 824 4367 in·
873 4305 1433 4385 seltempermittentem‚veredicitur
1446 4310 1644 4387 conscientia,

63 4406 186 4483 quircre,
211 4405 245 4465 id
261 4408 366 4464 autem
388 4402 613 4482 negligat‚1ron
629 4406 826 4462 excusatura
875 4404 906 4460 et
924 4398 1060 4459 lormalis
1080 4397 1189 4477 regula
1209 4399 1394 4477 operationis
1415 4400 1564 4479 honestae,
1581 4403 1645 4465 sive

62 4503 188 4576 peccato,
201 4494 600 4576 utiexplicabituccndi.
871 4492 1025 4572 judicium
1047 4491 1125 4552 illud
1148 4492 1187 4551 sit
1210 4509 1321 4552 verum
1345 4493 1409 4553 sive
1431 4494 1645 4564 {oleumcum

28 4597 43 4656 9
98 4592 156 4670 55.
174 4589 290 4650 Divisio
305 4587 498 4649 conscientiae
513 4587 547 4646 in
560 4592 676 4647 rectam
696 4592 726 4646 ει
740 4603 825 4646 erro·
875 4585 959 4645 anim
977 4585 1078 4645 omnis
1097 4584 1225 4645 honeste
1247 4603 1378 4663 operans
1391 4592 1463 4664 agat
1475 4589 1645 4650 secundum

63 4680 342 4762 neamatheologis
351 4680 546 4762 potissimum
561 4679 692 4758 intelligi
702 4678 827 4738 deberet
874 4677 1015 4756 regulam
1035 4675 1228 4755 objectivam,
1250 4677 1341 4737 debet
1363 4678 1477 4740 habere
1489 4680 1644 4759 judicium

63 4777 97 4837 de
105 4776 203 4838 ethice
213 4781 298 4836 recta
311 4779 342 4834 ει
354 4790 495 4849 erronea,
507 4772 579 4851 qnia
594 4771 778 4832 conscientia
787 4769 826 4830 ab
875 4787 1052 4850 proponens
1065 4769 1163 4845 illam,
1179 4769 1298 4829 ratione
1310 4770 1398 4848 cujus
1408 4771 1519 4851 judicii
1532 4774 1644 4836 hones·

63 4867 283 4949 ittisprecipue
292 4863 656 4928 consideraturinordine
665 4865 823 4936 admorsa
876 4867 922 4921 tas
936 4861 1029 4922 ctiam
1042 4861 1218 4922 refunditur
1232 4860 1265 4920 in
1279 4867 1393 4939 actum,
1407 4865 1455 4925 uti
1467 4883 1576 4942 ccum,
1594 4871 1643 4929 tt.

63 4961 141 5022 unde
155 4959 219 5020 sola
231 4958 418 5020 conscientia
428 4956 613 5018 vincibiliter
629 4973 758 5017 erronea
772 4955 824 5016 dc·
877 4953 1007 5029 dicetur,
1023 4972 1096 5033 argo
1110 4955 1170 5015 hoc
1175 4954 1327 5032 judicium
1341 4960 1387 5016 est
1399 4974 1472 5018 vere
1486 4958 1644 5020 conscien-

63 5051 146 5114 beret
160 5071 180 5112 a
195 5051 358 5130 Theologis
373 5051 433 5111 dici
450 5067 588 5125 erronea,
607 5065 679 5109 cnm
697 5047 750 5108 illa
761 5046 827 5108 sola
875 5047 929 5121 tia,
944 5053 975 5106 et
988 5047 1125 5107 formalis
1138 5047 1256 5125 regula,
1277 5047 1418 5126 quamvis
1433 5065 1496 5109 non
1517 5051 1557 5111 sit
1570 5069 1644 5113 con·

65 5145 101 5205 rit
113 5143 372 5218 ethieeerronca3
388 5143 461 5204 etin
471 5142 528 5203 hac
538 5141 760 5220 suppositione.
876 5138 1003 5199 scientia
1036 5144 1128 5214 recta,
1164 5140 1227 5199 sive
1259 5157 1332 5199 vera
1366 5140 1576 5203 materialiter.
1604 5144 1641 5204 ll.
1670 5165 1709 5225 43

101 5235 118 5314 5
141 5239 172 5297 6.
194 5236 386 5297 Conscientia
403 5235 442 5296 sit
457 5239 559 5314 posset
571 5233 666 5293 dividi
682 5249 754 5292 cum
772 5232 828 5292 Τε-
875 5231 1032 5292 iudicium
1059 5247 1178 5306 verum,
1205 5231 1376 5292 secundum
1403 5231 1476 5293 Elin.
1502 5240 1549 5294 est
1570 5253 1643 5296 con·

65 5329 131 5389 rillo
147 5347 179 5387 m
191 5327 305 5408 Reputo
319 5345 468 5408 maump.
485 5328 516 5386 3.
528 5345 560 5385 rc.
572 5328 622 5386 77.
635 5325 827 5386 Conscientia
876 5324 1002 5385 scientia
1016 5330 1047 5386 et
1063 5323 1200 5384 formalis
1211 5323 1329 5402 regula,
1345 5341 1418 5402 crgo
1433 5325 1526 5384 etiam
1539 5326 1643 5388 invin-

66 5419 122 5480 slia
143 5425 190 5480 εει
210 5425 304 5496 recta,
327 5421 387 5481 elia
403 5438 468 5480 non
486 5423 693 5494 recturecta,
708 5416 828 5478 aliaest
876 5417 1006 5478 cibiliter
1040 5434 1224 5491 erroneum,
1267 5415 1341 5494 quia
1379 5435 1465 5496 seque
1499 5421 1645 5497 proponit

67 5512 236 5578 carindia
251 5517 372 5572 tacitum
388 5511 574 5592 probabilior
595 5515 687 5584 certo,
710 5510 827 5571 aliaest
876 5507 1030 5588 obJ'ectum
1057 5507 1115 5569 sub
1142 5509 1259 5568 ratione
1286 5506 1370 5577 boni,
1400 5527 1487 5586 aeque
1512 5511 1646 5590 applicat
