4200 6348
595 749 1247 927 LECTORI

175 1598 243 1684 Qua
271 1598 405 1671 ratione
432 1596 495 1669 ista
519 1598 555 1670 P.
576 1597 716 1710 'Claudii
741 1599 883 1674 Lacroix
905 1599 1092 1692 Theologiee
1116 1599 1253 1672 moralis
1274 1597 1377 1673 editio
1405 1600 1441 1671 in
1460 1599 1571 1674 lucem
1589 1599 1714 1698 veniat,

141 1722 237 1812 paucis
257 1721 389 1812 excipe,
413 1719 544 1792 Lector.

177 1867 207 1938 S.
236 1865 400 1958 Alphonsi
429 1865 578 1958 Lignorii
607 1839 777 1960 mitigatus
807 1867 1085 1954 ProbabilismuS,
1111 1869 1329 1962 rigorismum
1361 1873 1450 1946 inter
1479 1883 1511 1947 et
1537 1873 1715 1948 laxismum

140 1987 268 2060 mediam
286 1988 415 2080 pariter
434 2009 473 2061 ae
492 1997 599 2060 tutam
617 1990 704 2062 riam
726 2011 861 2082 parans,
883 1992 1011 2084 ubique
1032 2012 1122 2065 nunc
1142 1991 1292 2084 gentium
1310 1992 1397 2082 riget
1416 2001 1715 2085 propugnatorque

49 2127 50 2130 ’
141 2114 342 2206 ipsosummo
362 2115 543 2207 plaudente
564 2115 721 2188 Ecclesiae
746 2117 920 2200 Pontifice,
948 2115 1008 2188 Pio
1034 2116 1091 2200 IX,
1121 2115 1179 2207 qui
1204 2114 1303 2186 Petro
1324 2114 1478 2186 Scavinio
1498 2115 1717 2187 vehementer

141 2241 351 2329 gratulabatur
375 2241 465 2333 quod
488 2243 523 2312 in
551 2241 620 2312 suis
652 2240 861 2332 Theologicis
892 2238 1160 2330 institutionibus
1189 2236 1411 2309 conficiendis
1435 2237 1519 2308 nihil
1544 2239 1716 2329 antiquius

49 2351 50 2380 ³
140 2361 279 2436 babuerit
313 2387 414 2458 quom
436 2365 597 2436 solutores
619 2364 817 2436 sanctissimi
835 2386 875 2435 uc
897 2364 1075 2436 doctissimi
1097 2362 1166 2434 viri
1191 2361 1347 2454 Alpbonsi
1369 2362 1494 2434 Murioe
1507 2361 1717 2454 deLipuorio

141 2487 286 2559 doctrines
304 2490 412 2580 mopis
430 2489 598 2580 caepisque
612 2509 799 2580 propopore
818 2489 923 2580 iisque
944 2486 1377 2577 Ecclesiasticus-presertim
1388 2485 1572 2577 juventutis
1590 2487 1716 2558 oninecs

141 2609 272 2682 imbues.
309 2610 510 2684 Praeclarum
547 2619 660 2683 antem
693 2619 815 2682 sanctes
847 2609 982 2702 Agathe
1009 2609 1195 2680 Gothorum
1232 2607 1425 2680 Antistitem
1464 2608 1498 2678 P.
1529 2609 1716 2680 Hermenni

45 2774 48 2823 p
141 2728 350 2805 anembaum
387 2757 524 2806 acreum
552 2735 729 2806 medullam
772 2742 925 2805 secutum
963 2731 1078 2815 luisse,
1114 2732 1285 2803 neminem
1312 2731 1404 2814 latet,
1428 2751 1501 2822 quae
1523 2732 1558 2802 in
1587 2731 1717 2804 cunctis

141 2873 244 2927 recusa
266 2858 462 2948 provinciis,
489 2857 536 2928 ita
563 2859 714 2929 omnium
743 2856 1022 2948 approbationem
1051 2855 1255 2939 obtinuerat,
1279 2864 1316 2925 ut
1339 2854 1430 2926 brevi
1451 2864 1604 2945 tempore
1619 2855 1716 2946 quin·

44 2999 47 3073 }
141 2981 298 3068 quagesies
329 2980 469 3072 praelum
497 2980 648 3052 subierit.
673 2979 760 3051 Ante
776 2982 887 3070 ipsum
915 2987 950 3050 et
980 2979 1119 3050 ineunte
1151 2977 1272 3050 saeculo
1304 2977 1428 3060 lllllll,
1456 2998 1545 3049 anno
1573 2996 1715 3060 uncovn,

141 3095 168 3168 P.
187 3099 343 3175 Claudius
376 3104 518 3175 Lacroix
536 3102 684 3174 Coloniae
703 3103 965 3175 commentarios
980 3101 1113 3184 edebat,
1132 3100 1255 3192 quibus
1270 3101 1466 3172 Hermanno
1487 3100 1633 3172 medulla
1648 3121 1717 3173 nen

43 3184 46 3246 i
138 3237 243 3308 parum
270 3224 548 3317 locupletabatur.
580 3251 591 3288 ι
625 3227 749 3312 Quanti
774 3227 809 3296 P.
835 3226 882 3306 La
900 3219 1043 3297 Croirii¹
1065 3224 1254 3295 doctrinam
1274 3222 1549 3316 diligentiamque
1576 3223 1719 3295 iecerint

42 3330 44 3401 ῗ
137 3345 251 3418 cordati
277 3348 352 3431 riri,
381 3357 430 3420 tot
458 3348 580 3420 Italica
608 3349 884 3440 Germaniamque
912 3348 985 3440 ejus
1005 3347 1238 3418 commentarii
1256 3345 1421 3418 editiones
1435 3346 1546 3438 palam
1560 3346 1718 3418 omnibus

41 3470 43 3516 l
135 3463 261 3554 iaciunt,
290 3501 301 3533 ι
322 3473 379 3564 qui
400 3473 545 3563 scriptor
559 3472 622 3545 init
636 3473 793 3564 practicis
809 3472 923 3556 rebus,
942 3479 1142 3543 cunctorum
1154 3469 1297 3562 judicio,
1320 3469 1567 3542 versatissimus
1582 3479 1616 3542 et
1629 3470 1718 3542 inter

41 3621 43 3680 j
136 3591 268 3680 optimos
301 3596 479 3686 magistros
506 3616 616 3688 neque
644 3615 712 3667 uno
744 3594 819 3667 loco
845 3616 956 3686 neque
985 3615 1053 3665 una
1083 3594 1154 3666 vice
1188 3594 1320 3665 citatus.
1344 3592 1380 3664 P.
1410 3614 1488 3665 vero
1518 3593 1718 3665 Franciscus

35 5193 702 5992 ι

133 3709 290 3787 Antonius
311 3717 503 3800 Zacharias,
539 3719 572 3789 S.
601 3719 644 3801 J.,
682 3747 695 3782 ι
728 3718 846 3790 doctus
870 3719 960 3789 inter
978 3716 1227 3789 doctissimos»
1256 3715 1442 3790 LaGroirii
1458 3716 1719 3790 commentarios

132 3839 399 3912 annotationibus
419 3851 618 3932 prosecutus
639 3851 690 3914 est
708 3852 741 3913 et
759 3843 842 3934 ipse.

173 3981 327 4058 hereum
354 3997 467 4060 autem
497 4010 582 4081 opus
610 3989 645 4060 in
674 4010 754 4081 quo,
781 3987 921 4061 funiculi
947 3989 1088 4082 triplicis
1103 4009 1211 4072 more
1242 3989 1344 4060 trium
1367 3987 1720 4079 praestantissimorum

133 4101 371 4202 theologorum,
403 4133 548 4204 quorum
575 4114 744 4184 unumS
775 4111 984 4204 Alphonsus
995 4114 1090 4205 quasi
1119 4121 1261 4204 patrem,
1293 4112 1436 4183 alterurn
1463 4110 1564 4183 veluti
1588 4111 1720 4183 itineris

131 4230 265 4316 socium,
285 4234 444 4305 ultimum
464 4255 542 4306 vero
563 4235 804 4307 amicissimum
823 4235 953 4320 babuit,
976 4235 1130 4308 doctrina
1150 4242 1390 4307 concatenatur
1415 4234 1474 4306 et
1466 4256 1501 4305 ιιι
1522 4233 1594 4305 dies
1614 4235 1719 4326 majo·

128 4365 193 4423 rem
225 4357 335 4428 crevit
367 4359 401 4428 in
431 4357 553 4441 lucem,
591 4378 706 4428 rerum
736 4359 837 4429 nimis
869 4357 1030 4430 dolebant
1054 4379 1173 4430 omnes
1201 4377 1389 4450 novamque
1413 4357 1487 4448 ejus
1508 4357 1724 4429 reensionem

130 4472 292 4550 sitiebant.
316 4479 572 4552 Ferrariensem
601 4479 784 4552 editionem
815 4481 850 4550 P.
871 4479 1040 4552 Zachariae
1059 4482 1138 4553 anni
1158 4499 1301 4564 nocccv,
1337 4501 1410 4573 quae
1437 4489 1550 4553 tamen
1568 4479 1720 4552 Venetiis

129 4601 308 4686 prestabat,
339 4603 440 4692 praelo
467 4604 591 4674 iterum
619 4602 872 4694 subjecimus,
864 4603 906 4674 ris
929 4602 1168 4675 additamentis
1192 4611 1419 4697 auctamque
1439 4623 1508 4676 non
1529 4602 1721 4676 necessaria

128 4719 221 4792 modo
244 4723 308 4794 sed
340 4732 376 4795 et
397 4733 589 4818 opportuna
615 4745 677 4816 pro
700 4734 891 4818 temporum
917 4726 1159 4798 conditione
1130 4747 1200 4798 ursa
1221 4735 1311 4810 sunt,
1330 4745 1370 4798 eo
1384 4727 1570 4819 praesertim
1586 4726 1667 4809 fine,
1684 4733 1723 4796 ut

128 4857 198 4912 curn
216 4843 437 4918 documentis
465 4868 485 4918 a
513 4848 665 4919 Romana
695 4847 787 4921 Beati
813 4848 902 4920 Petri
930 4849 1031 4934 Sede,
1058 4849 1208 4921 ueritatis
1231 4843 1335 4934 lonte,
1362 4849 1532 4922 recentius
1558 4849 1722 4921 emanatis

122 4961 312 5050 plenissime
335 4968 604 5054 concordarent,
629 4970 671 5042 ed
695 4990 797 5063 quam
826 5001 837 5036 ι
862 4992 1000 5045 necessa
1024 4981 1074 5045 est
1098 4992 1234 5045 omnem
1252 4973 1432 5045 convenire
1448 4972 1638 5055 ecclesiam,
1656 4969 1720 5042 hoc

35 5129 36 5134 =
118 5095 175 5170 est,
190 5110 250 5182 qur
264 5101 353 5164 sunt
364 5091 525 5185 undique
540 5091 668 5165 fideles
694 5123 705 5157 ι

158 5330 198 5382 ¹¹
213 5333 355 5389 laeroixS.
374 5333 401 5388 J.
407 5335 505 5403 ,belga
520 5335 605 5390 beator
618 5296 812 5392 uoluntarias.-
826 5337 984 5391 Probabilista.
999 5338 1158 5402 Virdoctus,'
1151 5355 1176 5391 ιιι
1189 5338 1295 5406 practicis
1319 5336 1387 5392 rebus
1400 5341 1502 5392 versebm
1518 5339 1585 5408 copia
1602 5351 1722 5408 rerumque

127 5403 207 5462 delectu
209 5413 285 5480 stph
296 5413 378 5466 nitore
393 5415 418 5463 et
429 5413 562 5466 solutionem
577 5413 688 5468 nitiditate
702 5414 871 5482 spectandus.»
887 5415 956 5482 Gom,
975 5416 1031 5471 rat.
1043 5419 1137 5468 cercior.
1152 5415 1179 5466 in
1192 5429 1264 5482 opere
1277 5415 1416 5468 citatorum.

281 5540 366 5600 Tou.
395 5537 421 5596 Ι.
1563 5543 1575 5601 l
