4200 6348
211 601 226 696 5
245 599 277 672 7.
289 602 438 675 Medulla
455 600 563 673 Patris
583 600 809 673 Busembaum
824 599 929 672 diuisa
945 607 994 672 est
1014 601 1048 670 in
1063 609 1191 693 septem
1203 601 1319 685 libros,
1336 619 1481 694 quorum

793 798 924 870 LIBER
953 797 1118 872 PRIMUS

208 974 266 1046 Est
285 973 328 1046 de
348 984 484 1046 actuum
504 973 683 1076 moralium
698 973 919 1065 Regula,tum
933 974 1078 1054 interna,
1096 971 1160 1042 boc
1178 981 1239 1055 est,
1251 971 1479 1057 eonscientia3
1503 979 1574 1040 tum
1595 975 1744 1049 esterna,

177 1095 228 1168 boc
243 1104 294 1168 est
311 1097 488 1189 praeceptis
508 1097 541 1167 ln
562 1117 695 1186 genere.

765 1293 894 1366 LIBER
922 1291 1149 1366 SECUNDUS

213 1469 257 1540 ue
277 1469 458 1559 PraeceptIs
478 1467 570 1552 fidei,
592 1468 678 1558 spei,
701 1475 734 1540 et
753 1467 935 1539 charitatis.

785 1664 916 1738 LIBER
941 1663 1125 1738 TERTIUS

212 1843 256 1914 lle
271 1841 451 1932 Praeceptis
475 1841 631 1932 Decalogl
653 1847 686 1911 et
707 1839 874 1910 Ecclesia.

777 2039 907 2114 LIBER
934 2037 1134 2128 QUARTUS

211 2225 254 2296 lle
268 2223 448 2318 Praeceptis
468 2234 664 2296 caeterorum
680 2224 856 2297 bominum
871 2223 971 2294 statui
991 2220 1148 2313 propriis.

777 2430 907 2504 LIBER
933 2428 1123 2518 QUINTUS

210 2615 255 2686 ue
287 2614 390 2687 modo
423 2613 638 2688 discernendi
673 2623 841 2698 naturam,
873 2623 906 2686 et
938 2614 1133 2706 gravitatem
1161 2619 1486 2703 peccatorumque
1514 2603 1744 2678 contradicta

169 2749 323 2830 praecepta
342 2741 610 2812 committuntur.

790 2936 921 3009 LIBER
946 2935 1112 3007 SEXTUS

209 3111 255 3184 De
273 3111 501 3188 sacramentis
522 3133 612 3186 norae
631 3113 723 3204 legis.

766 3306 897 3379 LIBER
922 3304 1138 3380 SEPTIMUS

217 3511 258 3583 lie
274 3511 435 3586 Censuris
456 3508 703 3592 ecclesiasticis,
722 3515 755 3580 et
774 3506 1087 3598 irregularitatibus.

216 3633 374 3706 Hactenus
408 3633 474 3705 ille.
503 3633 626 3719 Quanti
650 3631 683 3703 Ρ.
713 3632 761 3702 La
777 3630 902 3702 Crolnii
922 3628 1124 3712 doctrinam,
1155 3625 1431 3718 diligentiamque
1455 3619 1597 3691 iecerint
1615 3618 1743 3691 cordati

172 3757 236 3842 riri,
256 3769 300 3831 tot
318 3761 454 3844 Italicae,
477 3758 750 3849 Germaniaeque
766 3755 839 3848 ejus
854 3755 1088 3828 commentarii
1112 3753 1278 3825 editiones
1298 3749 1409 3841 palam
1430 3745 1588 3818 omnibns
1607 3743 1743 3815 iaciunt.

172 3874 363 3950 ProlecImus
392 3886 425 3950 ct
450 3899 511 3950 nos
530 3877 630 3969 bujus
657 3878 784 3952 labore.
811 3879 897 3951 Nam
916 3881 991 3951 illos
1007 3881 1095 3970 ipsos
1124 3875 1386 3949 commentarios
1400 3872 1455 3944 bic
1476 3871 1601 3962 placuit
1621 3871 1745 3940 iterum

169 4001 319 4091 prolerre,
342 4001 402 4075 sed
423 4001 536 4073 multis
555 4003 664 4096 iisque
688 4005 950 4095 pernecessariIs
973 4003 1223 4075 accessionibus
1244 4007 1360 4071 auctos
1387 4006 1487 4087 atque
1509 3994 1744 4085 locupletatos.

166 4125 243 4202 Nam
260 4139 296 4200 ut
310 4128 394 4200 nibil
409 4127 520 4199 dicam
535 4127 577 4198 de
601 4127 723 4212 lodice,
741 4148 843 4221 quem
864 4129 902 4200 R.
926 4128 961 4200 P.
987 4126 1182 4199 Leonardus
1202 4121 1375 4196 Colendall
1397 4119 1651 4211 diligentissimo
1673 4118 1740 4190 ela·

164 4249 295 4339 boratit,
317 4253 445 4344 quique
465 4250 652 4343 divulgatus
666 4272 751 4344 saepe
763 4252 834 4344 jam
855 4265 917 4336 est,
938 4261 976 4324 ut
989 4253 1091 4325 etiam
1114 4251 1217 4322 libros
1233 4249 1385 4322 omittam
1404 4247 1452 4316 De
1470 4267 1557 4315 scuc.
1581 4245 1746 4316 deuolute

163 4371 385 4468 Baliumque
405 4373 528 4469 Officiis
564 4375 766 4467 Coosessorii
798 4374 967 4470 (octavum
988 4374 1021 4445 bi
1038 4384 1072 4446 et
1090 4392 1218 4446 nonum
1238 4371 1350 4462 operis
1369 4369 1471 4460 hujus
1495 4365 1620 4438 librum
1641 4365 1745 4437 confi·

162 4497 264 4593 ciunt)
283 4497 368 4570 duos
389 4497 528 4568 omnino
544 4497 648 4569 libros
663 4499 848 4590 adjecimus
862 4497 874 4587 ;Ι
894 4499 1036 4572 alterum
1056 4500 1114 4591 qni
1135 4498 1357 4570 decimusest
1376 4503 1409 4566 et
1423 4491 1624 4583 theologiam
1635 4511 1745 4565 mora·

161 4617 226 4690 lem
239 4641 368 4694 summo
382 4619 609 4713 parochorum
629 4621 808 4694 commodo
823 4621 864 4693 ad
877 4623 1115 4695 catecheticam
1139 4619 1273 4711 redigit,
1287 4616 1458 4711 synopsIm
1482 4623 1646 4706 praeteroa
1665 4637 1745 4688 con-

162 4742 243 4815 tInet
266 4743 404 4816 moralis
435 4743 609 4836 theologie
638 4743 839 4852 quibuSQam
874 4747 1048 4818 axiomatis
1067 4743 1375 4836 comprehensam3
1401 4739 1544 4811 alterum
1566 4739 1623 4830 qui
1644 4741 1746 4814 totius

162 4869 270 4958 operis
284 4867 488 4960 prodromos
508 4877 569 4951 est,
596 4869 703 4961 Deque
718 4869 794 4940 locta
825 4869 965 4941 Moralis
991 4871 1154 4962 tlcolope'oe
1178 4864 1385 4947 inscribitur,
1422 4872 1522 4953 atque
1550 4861 1691 4935 selectos
1711 4865 1745 4936 in

162 4983 245 5060 banc
263 5011 332 5063 rem
348 5008 496 5062 canones
515 4989 677 5080 exemplis
698 4989 954 5084 rationibusque
977 4993 1193 5067 confirmatos
1208 4989 1391 5062 constituit.
1408 4985 1652 5060 adnotationes
1667 5009 1747 5080 prae

164 5117 254 5184 terea
272 5114 395 5205 passim
414 5112 649 5202 inspersImus,
676 5133 749 5204 quae
768 5116 954 5205 praesertim
981 5117 1029 5188 La
1045 5117 1169 5190 Croimi
1198 5115 1381 5189 sententias
1402 5133 1421 5182 a
1441 5111 1504 5183 ΡΡ.
1529 5111 1690 5199 Condua,
1714 5125 1747 5187 et

167 5231 297 5309 Patuzio
320 5237 420 5310 veluti
447 5235 633 5307 laxissimas
662 5237 831 5310 traductas
856 5249 992 5312 strenue
1015 5242 1196 5314 vindicant.
1213 5238 1300 5326 Quid
1315 5258 1395 5310 vero
1415 5235 1457 5308 dc
1474 5235 1647 5308 Benedicti
1668 5239 1746 5312 xlv

177 5354 372 5452 aliommqne
386 5358 583 5451 pontificum
598 5362 905 5448 constitutionibus
929 5358 1002 5457 quaa
1022 5366 1063 5436 ad
1083 5365 1247 5438 moralem
1266 5365 1437 5455 pertinent
1456 5361 1659 5432 scientiam?
1680 5363 1746 5436 Eas

189 5469 400 5574 suis'quasque
414 5481 496 5554 locis
517 5483 737 5556 reddidimus.
769 5486 887 5579 Neque
911 5488 1095 5562 desiderari
1113 5512 1132 5560 a
1147 5505 1317 5581 quoquam
1338 5483 1427 5576 passi
1448 5499 1564 5551 sumus
1585 5483 1619 5554 S.
1641 5485 1679 5555 R.
1707 5486 1744 5559 C.

196 5595 317 5684 decreta,
343 5625 431 5676 sanc.
462 5605 541 5676 item
569 5607 701 5679 concilii
723 5614 990 5704 congregationIs
1010 5617 1244 5700 resolutiones,
1269 5615 1449 5707 exquibus
1477 5631 1577 5683 nemo
1598 5615 1741 5708 ignorat,
