3976 6342
579 457 629 520 DE
648 455 754 520 erGlS
774 457 943 522 MORALIS
964 458 1204 522 THEOLOGIAE.
1625 461 1683 520 tou

112 621 259 684 hominum
272 624 449 688 societatem
459 626 619 705 religionis
632 645 668 688 ac
680 643 762 688 rarae
772 627 862 706 J'usti-
913 645 949 688 ac
962 627 1200 708 depravandam,
1218 634 1254 690 ut
1267 647 1361 710 supra
1373 627 1544 699 innuimus,
1562 643 1683 708 semper

109 716 156 776 tiae
177 717 297 778 vinculis
324 719 457 780 solutum
481 719 604 780 nullum
624 719 708 781 aliud
728 719 864 800 profecto
914 722 1123 795 contraierant,
1146 740 1334 804 omnemque
1357 723 1497 803 spemin
1520 721 1614 800 ipsius
1633 721 1681 799 ju-

107 811 286 890 propositum
304 812 418 876 babere
440 831 539 892 posse,
561 814 622 876 nisi
635 832 763 894 scopum
783 831 866 874 com·
913 817 1048 878 vcututis
1090 818 1263 897 corruptela
1301 817 1501 878 collocarunt.
1536 814 1683 888 Quocirca

104 905 235 984 parandi,
244 906 484 986 cumulandique
493 925 576 987 opes,
585 908 766 987 nullamque
772 908 863 970 aliam
913 927 1076 988 nunquam
1096 917 1214 972 cessant
1227 917 1396 990 utrumque
1410 909 1538 984 elerum,
1554 927 1594 970 ea
1607 927 1679 987 quo,

103 998 135 1058 in
147 997 207 1058 suis
215 999 385 1062 actionibus
396 1000 498 1079 legem
508 1001 669 1080 sequi,nisi
680 1001 863 1062 indomitam
913 1003 1010 1064 voluti
1022 1003 1191 1064 certissima
1203 1004 1340 1066 historiae
1355 1008 1559 1065 monumenta
1579 1002 1683 1082 splen-

103 1091 197 1152 animi
208 1093 405 1172 cupiditatem
417 1095 604 1156 inserviendi
619 1094 749 1174 propriis
758 1094 864 1172 volup
913 1096 984 1158 dide
1006 1102 1169 1171 testantur,
1197 1101 1243 1158 tot
1270 1115 1385 1177 magua
1409 1099 1443 1159 in
1470 1097 1681 1170 christianam,

101 1183 212 1246 tatibus
229 1191 260 1246 et
282 1188 452 1248 mmmodis
468 1187 483 1248 i
497 1189 664 1268 Fapropter
684 1187 864 1264 hujusmodi
913 1191 1044 1264 civilem,
1057 1196 1088 1250 et
1095 1190 1276 1252 litterariam
1286 1191 1508 1271 rempublicam
1521 1191 1683 1251 commoda

99 1277 235 1339 homines
255 1279 365 1341 acerbo
386 1297 461 1341 sane
479 1280 550 1342 odio
569 1281 758 1342 insectantur
787 1278 865 1340 Reli·
912 1284 1137 1358 redundarunt,
1159 1282 1403 1363 quibuscumque
1423 1284 1556 1344 infandis
1584 1282 1683 1343 modis

101 1369 196 1446 mosas
222 1371 363 1434 Familias
387 1373 529 1451 quamvis
554 1373 592 1434 de
614 1392 648 1434 re
682 1372 860 1446 christiana,
913 1377 1067 1450 divexare,
1084 1381 1114 1438 et
1128 1376 1256 1450 edicere,
1278 1378 1381 1456 ipsum
1405 1378 1528 1438 Clarum
1546 1397 1561 1434 a
1575 1380 1682 1454 utpote

101 1464 199 1540 civili,
223 1483 258 1526 ac
278 1465 426 1526 litteraria
450 1485 647 1546 summopere
672 1466 808 1540 maritas,
834 1470 865 1526 et
912 1489 997 1543 vero,
1015 1471 1147 1550 utilique
1158 1471 1333 1532 scientiaeet
1342 1471 1495 1531 civilitatis
1504 1470 1682 1548 progressui

101 1557 258 1632 blaterant,
287 1558 409 1620 casdem
423 1559 544 1621 nullom
563 1560 677 1620 babere
693 1558 863 1636 legitimam
913 1563 1076 1624 inimicum
1101 1563 1140 1624 ab
1167 1564 1253 1624 omni
1279 1563 1451 1641 juventutis
1484 1563 1681 1623 instituendae

102 1650 245 1714 existendi
271 1651 437 1721 rationem,
462 1658 554 1732 utrque
580 1653 624 1712 ita
657 1652 863 1713 hereticorum
913 1656 1142 1736 adunandasque
1170 1675 1244 1717 cura
1267 1661 1298 1718 et
1323 1656 1423 1718 officio
1450 1674 1514 1718 esse
1534 1673 1682 1716 amoven-

103 1743 278 1804 commsntis
298 1744 460 1823 plaudunt.
486 1746 565 1806 Nam
587 1751 623 1804 ut
641 1745 864 1824 sapientissime
913 1750 1032 1811 darm.»

104 1855 158 1900 rec.
178 1855 270 1898 mem.
295 1838 367 1898 Pius
385 1839 425 1898 Vl
441 1840 585 1900 Decessor
605 1839 715 1898 Noster
735 1837 864 1899 docebat
953 1843 1083 1903 atvero
1105 1843 1156 1903 alii
1179 1843 1386 1906 instaurantes
1410 1863 1506 1924 prava
1530 1860 1566 1903 ac
1593 1841 1683 1902 toties

111 1930 324 2008 irregularium
344 1929 471 1991 abolitio
489 1931 575 1992 laedit
597 1937 711 1992 statum
731 1930 863 2009 publicae
913 1935 1059 1996 damnata
1072 1942 1257 1998 novatorum
1264 1936 1571 2015 commentainsigni
1584 1936 1685 2013 impu-

109 2023 330 2102 rprolessionis
362 2025 560 2084 consiliorum
601 2024 861 2102 evangelicorum,
913 2027 1018 2088 dantia
1035 2029 1161 2102 audent,
1184 2031 1323 2090 Ecclesiae
1344 2038 1374 2091 at
1394 2030 1487 2108 buJus
1502 2028 1683 2107 apostolica

109 2116 218 2178 abedit
244 2116 369 2178 vivendi
388 2118 540 2178 rationem
559 2117 591 2178 in
619 2117 751 2178 Ecclesia
778 2135 863 2178 com·
914 2122 1000 2182 Sedis
1021 2141 1197 2202 supremam
1216 2125 1433 2186 arroteritatcm
1454 2122 1604 2183 aCbristo
1620 2123 1682 2180 lto-

110 2229 122 2266 r
141 2209 313 2270 mandatam
329 2216 489 2290 tamquam
507 2211 690 2290 Apostoliooe
716 2211 863 2272 doctrinae
912 2216 1000 2275 mino
1013 2215 1042 2275 ei
1059 2215 1208 2276 tributam
1230 2217 1325 2276 civilis
1346 2216 1533 2277 auctoritatis
1556 2214 1683 2274 arbitrio

110 2322 123 2359 a
143 2309 383 2374 consentaneam,
399 2303 484 2364 laedit
510 2304 593 2381 ipsos
606 2303 743 2380 insigues
757 2302 865 2363 lunda·
913 2308 1073 2386 subjicere,
1085 2315 1115 2369 et
1125 2310 1231 2370 omnia
1246 2310 1384 2388 ejusdem
1399 2310 1539 2370 Ecclesiae
1553 2315 1584 2368 et
1598 2307 1684 2368 Sedis

113 2395 580 2476 atores,quossuperaltaribus
599 2413 795 2470 veneramur,
811 2395 865 2474 qui
910 2401 982 2479 jura
1005 2401 1158 2480 denegare
1182 2403 1260 2464 circa
1284 2403 1411 2482 ea'quae
1435 2404 1473 2463 ad
1499 2403 1683 2463 exteriorem

103 2499 125 2544 a
144 2490 308 2550 uonaDeo
318 2489 460 2568 inspirati
471 2507 521 2550 eas
531 2489 758 2550 constituerunt
771 2489 866 2549 socie
913 2493 1056 2554 ordinem
1076 2495 1242 2574 pertinent.
1268 2496 1407 2574 Namque
1439 2496 1522 2574 ipsos
1555 2495 1684 2554 minime

113 2599 125 2636 s
145 2586 213 2642 tates
225 2581 278 2642 ¹.»
301 2583 402 2662 Atque
425 2582 518 2643 etiem
533 2581 628 2660 impie
645 2581 861 2661 pronunciant,
913 2586 1009 2665 pudet
1022 2586 1176 2669 affirmare
1195 2609 1206 2644 a
1224 2589 1456 2667 Ecclesiecleges
1468 2606 1532 2648 non
1546 2587 1684 2664 obligare

114 2672 297 2736 auferendam
312 2693 377 2736 essa
397 2675 515 2736 civibus
530 2675 670 2736 Ecclesiae
689 2675 865 2736 facultatem
913 2679 946 2739 in
961 2680 1157 2756 couscientia,
1166 2681 1226 2741 nisi
1240 2699 1313 2742 cum
1324 2681 1564 2761 promulgantur
1573 2699 1591 2740 a
1601 2680 1684 2741 civili

117 2783 193 2844 aqua
202 2767 412 2848 eleemosynas
431 2768 607 2830 christianae
627 2767 761 2828 caritatis
775 2785 863 2829 causa
913 2777 1078 2850 potestata3
1095 2779 1162 2834 acta
1175 2780 1206 2833 et
1219 2774 1341 2835 decreta
1351 2775 1563 2835 Romanorum
1578 2773 1683 2834 Ponti-

114 2858 200 2937 palam
213 2879 339 2940 erogare
353 2861 484 2933 valeant,
502 2879 566 2922 uae
580 2861 618 2922 de
632 2861 735 2922 medio
760 2861 865 2923 tollen·
913 2864 1008 2925 ficum
1023 2866 1062 2926 od
1081 2866 1264 2944 religionem
1278 2872 1309 2928 et
1331 2867 1497 2928 Ecclesiam
1516 2865 1685 2946 spectantia

115 2950 174 3012 dam
185 2953 282 3032 legem
299 2972 388 3034 aqua
403 2955 493 3014 cerus
505 2954 658 3033 aliquibus
672 2954 780 3014 diebus
794 2973 866 3034 ope·
914 2957 1052 3036 indigere
1068 2959 1224 3019 sanctione
1239 2965 1270 3020 et
1284 2960 1518 3039 approbatione,
1532 2959 1582 3020 vel
1596 2959 1685 3019 mini·

116 3061 144 3103 ra
154 3046 264 3108 servilia
277 3053 404 3127 propter
419 3045 472 3108 Dei
487 3047 606 3108 cultum
627 3047 860 3127 probibentur»
913 3067 1000 3110 mum
1016 3069 1140 3112 assensu
1154 3052 1311 3130 potestatis
1321 3053 1417 3113 civilis
1431 3073 1438 3128 3
1451 3051 1686 3113 constitutiones

116 3135 285 3200 lallaeissime
326 3146 546 3220 praetexentes,
591 3147 865 3202 commemoratam
914 3143 1136 3222 apostolicam,
1153 3144 1468 3223 quibusdamuantur
1488 3144 1684 3205 clandestina

116 3227 270 3318 beutatem
284 3239 316 3293 et
328 3234 430 3310 legem
449 3233 576 3313 optimae
598 3233 730 3313 publica
745 3252 865 3296 oecono·
914 3236 1082 3308 societates,
1099 3236 1163 3296 sive
1178 3237 1210 3296 in
1224 3237 1267 3297 eis
1281 3239 1434 3316 exigatur,
1456 3238 1519 3298 sive
1538 3255 1604 3296 nou
1618 3237 1684 3296 exi·

116 3323 175 3383 mia
199 3325 356 3405 principiis
390 3325 551 3387 obsistere.
587 3326 694 3405 Neque
728 3329 866 3388 contenti
913 3333 1005 3406 gatur
1034 3329 1248 3407 Juramentum
1283 3331 1321 3391 de
1362 3335 1478 3390 secreto
1513 3329 1682 3412 servando,
1784 3341 1786 3344 ·

116 3429 240 3478 amovere
258 3417 443 3496 religionem
456 3437 476 3478 a
499 3419 622 3498 publica
644 3420 797 3487 societate.
814 3438 866 3480 vo-
914 3438 1084 3501 earumque
1113 3422 1235 3483 asseclae
1265 3429 1295 3482 et
1320 3422 1456 3484 lautores
1487 3421 1683 3482 anathemate

117 3504 174 3566 lunt
180 3509 356 3589 religionem
369 3511 468 3590 ipsam
482 3529 500 3572 o
517 3511 640 3590 privatis
654 3513 746 3574 etiam
761 3531 865 3574 arcere
913 3515 1114 3591 mulctantur,
1138 3514 1257 3578 nullam
1271 3515 1386 3576 babere
1400 3516 1465 3576 vim
1479 3515 1512 3575 in
1526 3513 1587 3574 illis
1601 3513 1685 3574 orbis

116 3598 230 3664 familiis.
252 3603 375 3665 Etenim
388 3603 630 3666 funestissimum
654 3602 867 3667 Communiami
913 3607 1091 3684 regionibus
1116 3607 1169 3667 ubi
1185 3607 1336 3685 ejusmodi
1352 3608 1585 3688 aggregationes
1604 3605 1684 3666 tole-

116 3691 313 3756 ctSociolcsmi
324 3697 468 3758 docentes
482 3715 518 3758 ac
536 3696 715 3776 profitentes
728 3716 865 3760 errorem
913 3706 1024 3760 rantur
1045 3719 1063 3761 a
1081 3700 1163 3761 civili
1182 3701 1334 3777 gubernio
1357 3721 1364 3776 ;
1392 3699 1684 3762 excommunicatio-

115 3794 237 3850 caemar
252 3812 264 3847 c
279 3791 456 3852 societatem
478 3791 678 3852 domesticam
702 3809 757 3852 scu
770 3792 864 3854 iami—
914 3811 987 3854 nem
1000 3813 1019 3854 a
1030 3793 1164 3854 Concilio
1179 3794 1359 3854 Tridentino
1372 3800 1402 3856 et
1417 3793 1564 3856 Romanis
1580 3793 1684 3854 Ponti·

42 3926 44 3949 ,
114 3876 175 3940 bem
197 3887 291 3944 totam
310 3901 375 3945 suae
394 3882 565 3945 existentiae
583 3884 737 3946 rationem
756 3903 775 3946 a
793 3887 865 3964 jura
913 3885 1129 3946 ficibuslatam
1139 3887 1173 3946 in
1192 3904 1254 3961 eos,
1271 3887 1324 3966 qui
1335 3887 1407 3965 jara
1419 3888 1684 3966 possessionesque

34 3996 42 4053 j.
112 3971 257 4036 dumnxat
281 3975 364 4036 civili
391 3977 550 4038 dimanare
572 3994 608 4036 ac
635 3978 769 4056 pendere
792 3979 866 4058 jura
914 3979 1053 4040 Ecclesiae
1071 3979 1233 4052 invadunt,
1259 3985 1290 4040 et
1306 3987 1470 4059 usurpant,
1496 3978 1553 4039 niti
1577 3978 1683 4038 confu-

33 4058 35 4071 ’
111 4065 203 4127 omnia
221 4073 385 4146 parentum
405 4069 439 4128 in
461 4068 551 4142 tilios,
577 4087 648 4130 cum
666 4070 774 4148 primis
791 4090 865 4132 vero
914 4059 1000 4132 sione
1013 4071 1129 4132 ordinis
1143 4070 1321 4150 spiritualis,
1342 4071 1522 4150 ordinisque
1541 4069 1636 4130 civilis
1649 4089 1685 4132 ao

105 4155 150 4233 jus
165 4159 371 4230 iustitutionis,
400 4161 652 4240 edcuntionisquc
675 4163 861 4225 curanda.»
914 4163 1032 4243 politici
1041 4164 1081 4225 ad
1096 4163 1293 4223 mundanum
1307 4163 1468 4224 dumtaxat
1478 4163 1598 4223 bonum
1612 4182 1683 4242 pro·

8 4298 10 4323 ,
108 4249 212 4322 Quibus
227 4252 332 4333 impiis
341 4254 551 4334 opinionibus,
568 4256 864 4318 machinationibus·
914 4257 1121 4334 aciprandum
1137 4254 1302 4316 Ecclesiam
1315 4255 1394 4316 nihil
1405 4256 1517 4316 debere
1538 4254 1684 4316 decerne·

107 4359 159 4420 que
171 4344 203 4404 in
216 4346 248 4406 id
261 4347 416 4426 praecipue
430 4347 596 4409 intendunt
615 4347 801 4410 fallacissimi
815 4351 865 4411 isti
914 4365 959 4424 re,
975 4348 1055 4426 quod
1072 4347 1264 4425 obstringere
1274 4348 1369 4428 possit
1377 4347 1517 4409 fidelium
1531 4349 1685 4409 conscien-

106 4432 247 4508 bomines,
261 4445 297 4499 ut
307 4439 461 4500 salutifera
472 4439 627 4501 catholicae
637 4443 778 4504 Ecclesia
792 4443 865 4505 doc·
913 4442 971 4502 tias
989 4441 1022 4501 in
1045 4440 1152 4501 ordine
1167 4440 1205 4500 acl
1220 4458 1313 4501 usum
1332 4459 1439 4502 rerum
1451 4441 1683 4519 temporalium

105 4527 180 4590 trina
192 4549 228 4592 ao
241 4533 287 4594 vis
297 4551 315 4592 a
326 4531 498 4609 juventutis
509 4532 702 4595 institutione
716 4540 747 4596 et
758 4536 867 4597 educa-
915 4532 1054 4595 Ecclesiae
1064 4533 1117 4611 jus
1130 4551 1196 4594 uon
1209 4541 1382 4612 competere
1396 4534 1560 4595 violatores
1579 4533 1685 4612 legum

105 4619 321 4702 boneprorsus
335 4625 521 4698 eliminetur,
536 4627 683 4688 anteneri
701 4627 865 4690 flexibiles·
915 4643 1042 4688 suarum
1060 4626 1160 4705 pmnis
1175 4626 1396 4705 temporalibus
1417 4626 1593 4700 coercendi3
1611 4645 1685 4686 con-

107 4729 161 4788 que
182 4715 336 4793 jurenum
362 4717 461 4778 animi
486 4717 664 4797 perniciosis
691 4719 865 4800 quibusque
914 4719 1013 4780 forme
1026 4735 1091 4778 esse
1105 4735 1198 4778 sacras
1215 4718 1390 4797 theologie,
1410 4719 1550 4798 jarrisquo
1568 4717 1684 4798 publici

108 4807 267 4883 erroribus,
281 4809 423 4888 vitiisque
437 4810 548 4870 misere
568 4810 745 4872 inficiantur
764 4832 799 4874 ac
812 4815 865 4876 de·
914 4811 1085 4891 principiis,
1114 4810 1270 4870 bonorum
1296 4812 1528 4891 proprietatem,
1555 4829 1625 4890 qua
1643 4811 1681 4871 ab

109 4903 278 4968 precentur.
304 4897 462 4976 Siquidem
485 4915 604 4966 omnes,
627 4901 681 4978 qui
707 4919 775 4962 rem
797 4907 866 4964 tum
917 4903 1058 4978 Ecclesia,
1074 4921 1093 4962 a
1111 4902 1246 4962 Familiis
1269 4903 1432 4982 religiosis,
1457 4903 1586 4981 aliisque
1610 4902 1684 4962 locis

111 4998 231 5061 mitram,
246 4996 314 5050 tum
328 4989 484 5068 publicam
496 4991 733 5070 perturbarem
746 5000 866 5058 rectum
916 4995 973 5075 piis
993 4995 1200 5074 possidentur.
1225 4995 1303 5056 civili
1323 4997 1474 5074 gribemio
1484 5012 1629 5064 asserere,
1654 5001 1685 5054 ot

114 5077 255 5142 societatis
280 5081 419 5144 ordinem
441 5088 588 5157 evenere,
614 5090 644 5146 et
663 5085 735 5162 jura
762 5089 866 5150 omnio
915 5088 1082 5149 vindicare.
1099 5108 1114 5144 a
1130 5088 1237 5166 Neque
1256 5088 1560 5168 erubescuntpalam
1582 5087 1685 5166 publi-

117 5163 214 5230 divina
226 5179 256 5231 et
272 5173 407 5234 bumana
421 5175 521 5238 delere
537 5181 609 5237 sunt
632 5179 745 5252 conati,
761 5181 867 5241 omnia
916 5198 1012 5260 coquo
1026 5179 1163 5259 protitcri
1172 5181 1390 5241 hereticorum
1405 5181 1531 5241 aliatum
1550 5185 1582 5240 et
1599 5181 1685 5258 parin-

120 5255 228 5320 uelaria
245 5279 297 5324 sua
316 5266 446 5342 oonsilia‚
460 5267 558 5328 studia
573 5274 603 5328 et
616 5287 742 5348 operam
759 5270 792 5332 in
808 5273 868 5333 im·
916 5269 1043 5354 cipiuin,
1055 5291 1094 5334 ex
1108 5291 1170 5352 quo
1185 5277 1229 5332 tot
1243 5291 1393 5352 perversae
1404 5274 1548 5334 oriuntur
1561 5275 1684 5333 senten-

121 5351 641 5436 uscudampreseuimjuveatuem
654 5362 867 5444 decipiendam
917 5366 978 5442 tiae,
1006 5371 1098 5446 atquo
1126 5383 1256 5426 errores.
1282 5366 1428 5427 Dictitaut
1450 5366 1534 5426 euim
1552 5385 1567 5422 a
1584 5364 1685 5425 Eccle-

163 5552 174 5600 i
191 5553 259 5620 Epist:
271 5557 296 5607 ut
312 5558 376 5610 Gari.
391 5561 417 5612 ia
427 5562 449 5613 la
462 5564 637 5619 Rocbeionceult
656 5569 687 5620 tc
701 5571 776 5622 martii
791 5572 864 5623 rtet.
916 5573 983 5623 uictas
1001 5571 1167 5625 Romanorum
1184 5589 1193 5620 ι
1210 5572 1246 5624 Pii
1264 5571 1302 5626 ttl
1322 5591 1333 5621 s
1354 5571 1491 5624 Ecctaeicm
1508 5589 1518 5618 ι
1535 5571 1618 5622 monis
1632 5572 1683 5624 Ell-

166 5623 181 5673 ἲ
196 5627 294 5683 Claueut.
307 5633 376 5685 titt«
394 5637 419 5688 ta
431 5640 552 5692 eminenti.
571 5643 706 5696 »benedict
721 5647 771 5702 llltl
783 5667 793 5694 a
805 5649 866 5700 Pro·
918 5667 928 5696 ι
946 5646 998 5711 Qrco
1009 5648 1133 5712 macriora.
1151 5666 1161 5694 a
