3964 6348
666 445 719 507 bs
740 443 1005 510 CONSCIENTIA.
1571 445 1630 506 373

68 621 119 664 505
145 602 263 682 valeret,
290 607 338 668 uti
375 608 493 672 dicetur
524 611 563 671 de
596 611 806 680 Matrinionio,
859 611 990 692 ideoque
1017 613 1186 691 prudenter
1215 627 1405 692 praesumere
1433 625 1498 670 non
1521 613 1630 688 potero

67 693 137 776 desp.
152 697 179 756 i.
208 716 278 759 oum
302 701 414 762 Mando
428 721 458 766 0.
482 705 552 765 537.
566 709 597 764 et
623 703 807 766 11151575.
858 721 926 764 rem
958 704 1142 783 imperatam
1168 722 1233 766 esse
1259 703 1310 765 hie
1337 709 1368 764 ct
1395 721 1478 764 5550
1499 701 1627 774 licitam,

65 805 90 846 5.
101 791 164 848 ueto.
177 791 245 870 quia
254 797 330 854 tunc
342 813 400 874 pro
412 801 561 875 potestate
577 796 751 877 SuperiorIs
765 801 811 858 est
859 814 954 876 quam
977 798 1195 859 antecedenter
1223 801 1309 858 certo
1330 797 1392 856 scio
1420 811 1495 870 esse,
1524 813 1580 874 per
1597 811 1630 856 se

65 887 132 940 ceria
144 884 296 962 possessio,
319 892 355 947 ut
363 887 430 966 jam
444 889 561 950 dictum
583 895 639 966 est,
655 895 809 968 0155555-
859 888 1026 968 loquendo,
1044 889 1193 952 illicitam.

64 972 100 1032 tis
107 973 225 1037 dubium
239 979 288 1052 sit,
302 997 344 1039 an
358 979 514 1058 obJ'ectum
528 983 567 1042 sit
577 981 729 1057 illicitum,
745 1001 809 1042 505
899 979 975 1042 lost.
992 983 1071 1060 Ergo
1091 982 1183 1044 ctiam
1202 983 1260 1042 erit
1281 981 1501 1058 obediendum,
1524 981 1550 1042 si
1572 999 1629 1061 pro
1655 961 1711 1022 44¹

63 1063 180 1149 ideoest
201 1069 341 1148 dubium,
363 1091 404 1133 an
424 1079 556 1153 potestas
576 1074 761 1154 Superioris,
777 1093 809 1136 se
860 1073 1055 1136 inhonestate
1070 1075 1177 1154 objecti
1205 1075 1350 1154 imperati
1365 1073 1477 1134 babeat
1490 1073 1630 1135 subditus

63 1175 92 1218 eo
105 1161 247 1236 extendat,
270 1165 346 1242 quia
360 1171 479 1226 certum
495 1171 551 1240 cst,
568 1167 693 1246 quodsc
706 1174 810 1228 exton—
859 1183 953 1244 grave
967 1167 1132 1243 motivum,
1148 1173 1178 1228 et
1192 1167 1314 1228 nudum
1329 1173 1469 1228 occurrat
1483 1185 1540 1246 pro
1563 1166 1630 1244 ejus

64 1249 100 1309 dit
111 1251 146 1312 od
157 1271 244 1316 omne
258 1256 347 1328 illud,
372 1258 457 1337 quod
477 1277 542 1320 non
556 1264 602 1321 cst
616 1265 699 1320 certo
718 1261 809 1322 illici·
859 1255 1027 1318 honestate.
1046 1256 1129 1337 Hesp.
1149 1258 1240 1318 Suar.
1256 1261 1350 1335 55351
1358 1275 1421 1335 seq.
1438 1261 1528 1336 putat
1545 1255 1630 1317 cuim

62 1342 212 1408 citandi
227 1346 315 1429 Coos.
342 1353 371 1412 1.
388 1351 554 1430 distinguo.
578 1352 727 1431 Superior
746 1371 810 1414 505
861 1351 938 1409 tunc
957 1347 1035 1410 forte
1058 1349 1216 1410 moraliter
1233 1353 1364 1423 certum,
1385 1347 1469 1428 qttod
1489 1347 1569 1409 actio
1591 1347 1630 1408 sit

62 1437 145 1510 potest
163 1435 294 1498 strictius
317 1438 465 1518 obligare,
490 1458 584 1520 05555
605 1441 753 1519 Christus,
779 1448 809 1504 ct
859 1439 1040 1517 inhonesta;
1057 1441 1304 1502 scarabaeo.
1321 1443 1372 1503 ab.
1393 1440 1505 1502 melius
1519 1459 1628 1502 conee-

62 1525 175 1587 bcclesia
184 1535 279 1606 possit
288 1529 436 1609 obligare,
452 1551 539 1594 conc.
550 1551 644 1613 quam
658 1535 806 1612 Christus,
859 1531 913 1606 dit,
931 1551 1004 1594 nem
1018 1539 1119 1613 potest
1127 1553 1184 1614 pro
1195 1533 1389 1596 inhonestate
1403 1551 1469 1596 esse
1477 1535 1629 1594 motivum

61 1620 85 1678 et
99 1619 223 1682 Ecclesia
241 1621 280 1683 de
298 1623 378 1684 facto
403 1624 550 1703 obligent,
574 1644 608 1686 5.
632 1626 657 1685 si
677 1626 808 1688 Ecclesia
858 1641 943 1686 mere
956 1626 1124 1705 probabile,
1132 1631 1356 1706 consequenter
1367 1644 1431 1686 uon
1439 1626 1498 1687 erit
1508 1630 1629 1686 certum

60 1716 152 1788 urged
172 1731 274 1788 suum,
304 1715 355 1776 vel
390 1716 501 1778 Christi
535 1723 725 1796 praeceptum
754 1738 809 1798 per
859 1734 924 1778 esse
947 1719 1098 1790 illicitum,
1121 1721 1173 1780 SS.
1192 1719 1250 1778 PP.
1266 1725 1382 1791 autem,
1408 1717 1629 1780 0151500150ᾶί-

60 1799 271 1867 daumationem
301 1807 431 1886 alicujus
453 1809 670 1889 propositionis
692 1812 808 1892 alioqui
859 1815 934 1870 cunt
947 1827 1012 1872 esse
1028 1810 1235 1872 obediendum
1255 1810 1288 1872 in
1304 1810 1391 1872 omui
1416 1828 1498 1888 casu,
1524 1809 1551 1870 si
1564 1827 1629 1870 uon

59 1895 207 1973 probabilis
222 1897 318 1978 (quod
334 1900 440 1980 utique
450 1900 559 1982 potest)
575 1907 645 1964 tum
664 1909 710 1964 est
726 1911 809 1968 certa
859 1902 898 1962 sit
916 1907 1035 1964 certum
1049 1921 1113 1964 esse
1127 1909 1300 1983 peccatum.
1322 1902 1408 1983 Coos.
1426 1920 1500 1964 nam
1516 1901 1629 1980 conjux

59 1987 186 2068 obligatio
199 2010 206 2051 :
218 1992 242 2051 si
259 1997 366 2056 autem
377 2012 441 2056 non
455 1995 598 2070 declaret,
621 2014 679 2057 nec
702 2004 809 2072 urgeat
859 1993 994 2056 inomni
1012 1997 1106 2056 dubio
1130 1996 1221 2056 debet
1233 1996 1361 2056 reddere
1375 1995 1526 2071 debitum,
1546 2001 1582 2055 ut
1595 2015 1625 2058 0.

59 2079 270 2162 obligationem,
286 2086 340 2146 sed
353 2087 489 2165 patiatur
503 2088 681 2167 opinionem
694 2089 807 2168 proba·
859 2087 929 2148 436.
945 2088 1130 2160 dictumest,
1144 2107 1217 2167 ergo
1232 2089 1325 2148 ctiam
1340 2087 1481 2148 subditus
1495 2086 1627 2148 inomni

58 2171 135 2234 bilem
146 2175 385 2256 deobligantem,
397 2179 608 2241 concludimus
618 2181 738 2255 Christi,
754 2187 809 2243 aut
860 2179 955 2240 dubio
968 2181 1102 2242 obedire.
1126 2181 1215 2254 Quod
1235 2180 1261 2240 si
1284 2180 1452 2259 nequidem
1467 2180 1628 2259 Superiori

58 2265 181 2328 Ecclesiae
204 2268 308 2349 legem
331 2288 396 2332 non
420 2289 484 2334 esse
511 2273 600 2334 nobis
621 2273 808 2338 sufficienter
859 2278 938 2333 00001
959 2272 1128 2352 probabile,
1147 2272 1230 2353 quod
1255 2271 1411 2350 objectum
1433 2271 1472 2333 sit
1493 2272 1624 2346 licitum,

57 2352 232 2440 applicatam,
260 2363 391 2443 ideoque
410 2383 475 2426 non
498 2364 634 2446 obligare
648 2386 656 2443 3
671 2373 808 2430 econtra
858 2365 1019 2426 excederet
1040 2383 1128 2428 suam
1152 2369 1336 2445 potestatem
1359 2363 1551 2444 imperando.
1569 2381 1628 2425 nee

58 2449 188 2530 Superior
210 2455 246 2516 in
271 2461 377 2516 nostro
401 2474 473 2517 casu
496 2463 596 2538 urget.
620 2465 651 2520 et
673 2459 808 2521 declarat
857 2455 937 2518 foret
956 2457 985 2517 ei
999 2456 1219 2531 obediendum,
1241 2457 1314 2535 quia
1327 2474 1392 2516 non
1414 2461 1513 2534 potest
1531 2455 1627 2536 impe-

57 2541 260 2624 obligstionem
285 2548 335 2608 sui
363 2550 518 2630 precepti,
547 2555 668 2631 statque
694 2571 751 2632 pro
769 2571 806 2614 eo
858 2566 938 2622 rore,
956 2547 1016 2610 nisi
1025 2549 1109 2628 quod
1120 2549 1202 2610 bona
1216 2548 1277 2609 fide
1290 2554 1379 2627 putat
1391 2565 1455 2610 csse
1464 2547 1594 2608 licitum.

57 2639 185 2714 possessio
199 2641 360 2720 potestatis
370 2641 554 2722 imperandi,
576 2644 626 2704 cui
640 2662 704 2704 non
717 2644 809 2706 debet
900 2639 996 2721 Objic.
1012 2643 1041 2703 b.
1070 2641 1181 2720 Opinio
1204 2640 1319 2702 subditi
1345 2640 1440 2702 babet
1472 2657 1504 2700 se
1537 2640 1626 2702 sicuti
1650 2658 1710 2720 m

56 2727 160 2792 obstare
180 2731 385 2812 probabilitas
416 2734 562 2796 subdditi.
586 2733 636 2796 Ad
662 2734 745 2816 tbnf.
775 2739 804 2800 i.
858 2732 1045 2794 conscientia
1057 2732 1243 2794 vincibiliter
1266 2749 1405 2808 erronea,
1429 2729 1499 2811 q'uae
1513 2733 1627 2813 deponi

56 2819 121 2895 dico,
136 2840 172 2884 ex
189 2843 225 2886 eo
242 2824 313 2904 plus
327 2843 392 2887 non
406 2827 544 2906 permitti
560 2826 695 2904 subdito,
713 2847 808 2907 quam
858 2824 960 2887 debet.
977 2827 1070 2906 Resp.
1087 2843 1120 2886 n.
1136 2843 1195 2886 ass.
1210 2843 1285 2886 nam
1295 2829 1322 2886 1.
1340 2842 1422 2904 steps
1433 2825 1547 2904 deponi
1560 2843 1626 2888 non

55 2919 84 2974 ut
94 2914 359 2981 incommodorum
371 2918 496 2980 illorum
505 2919 641 2998 pericula
653 2928 808 3000 proponat
858 2922 969 2997 potest,
985 2917 1074 2980 utin
1090 2917 1162 2979 535.
1177 2917 1293 2979 dictum
1308 2923 1364 2978 cst.
1380 2919 1410 2978 b.
1426 2917 1510 2978 Licet
1523 2918 1626 2978 subdi·

57 3005 205 3086 Superiori,
227 3011 323 3090 quisi
344 3011 513 3092 prudenter
527 3012 725 3075 consideratis
738 3031 807 3074 om·
858 3015 909 3070 tus
922 3010 1077 3091 deponere
1098 3015 1211 3090 posset,
1230 3027 1296 3071 non
1309 3013 1444 3083 1050155,
1464 3010 1539 3089 quio
1559 3029 1624 3072 ma-

55 3097 132 3160 nibus
145 3101 279 3164 declaret
301 3103 505 3164 nibilominus
522 3104 687 3183 prevalere
702 3123 808 3168 555050
858 3107 952 3164 neate
971 3103 1088 3181 judicio
1102 3101 1154 3162 illo
1168 3106 1268 3181 potest
1282 3100 1339 3162 sibi
1356 3120 1396 3162 ex
1408 3100 1626 3180 probabilitate

55 3191 256 3275 supracepti.
278 3195 408 3275 ideoque
429 3195 510 3256 ilbus
530 3197 741 3259 executionem
759 3216 809 3260 ur-
859 3195 999 3275 opposita
1010 3194 1144 3256 formare
1163 3193 1383 3256 conscientiam
1404 3194 1579 3274 practicam,
1596 3203 1627 3258 ct

55 3293 123 3361 goat,
144 3286 301 3350 tenebitur
325 3288 464 3349 subditus
486 3287 623 3360 obedire,
646 3289 706 3350 uisi
730 3289 808 3352 forte
860 3287 995 3365 obedire,
1010 3293 1046 3348 ut
1058 3286 1174 3348 ibidem
1188 3291 1233 3348 est
1248 3287 1448 3348 declaratum.
1466 3289 1494 3350 3.
1513 3289 1627 3367 Opinio

55 3374 202 3456 imperaret
229 3379 347 3460 aliquid
379 3381 528 3442 excedens
565 3381 807 3446 imbecillitatem
859 3379 1026 3460 probabilis
1040 3385 1086 3442 est
1099 3379 1246 3460 prudens,
1262 3379 1449 3441 couscientia
1468 3380 1626 3442 vincibili·

56 3466 230 3534 hammam:
253 3478 286 3534 et
305 3471 417 3536 falsum
431 3479 486 3549 est,
503 3474 587 3553 qrood
600 3474 735 3554 additur,
749 3487 806 3557 po·
858 3475 907 3534 ter
920 3490 1051 3534 erronea
1065 3477 1213 3552 concepta
1234 3475 1281 3532 est
1304 3472 1528 3552 imprudenter,
1553 3491 1626 3553 ergo

56 3564 181 3626 lutatam
204 3565 379 3646 imperandi
412 3566 446 3628 in
474 3564 638 3648 Superiora
665 3566 716 3630 bic
743 3586 808 3632 esse
857 3565 930 3626 licet
941 3567 1008 3628 hoec
1019 3565 1133 3645 deponi
1147 3565 1283 3642 deberet,
1295 3583 1360 3625 non
1374 3565 1445 3626 ideo
1454 3563 1516 3628 ills.
1534 3566 1627 3628 Plura

56 3652 177 3720 dubiam.
858 3658 1365 3740 cboalreecaddemusposteoan.
1384 3659 1452 3722 5113.
1470 3658 1650 3722 1105551.-

15 3741 39 3804 11
89 3747 216 3829 objici.
234 3753 354 3813 Votum
375 3768 442 3812 non
463 3749 579 3830 obligat
603 3750 809 3830 inprobabili
859 3753 1003 3812 55159.

55 3837 264 3922 dnbiopoecati
288 3842 437 3918 mortalis,
459 3860 533 3922 ergo
557 3861 615 3904 nee
635 3844 809 3922 Superioris
901 3844 936 3920 O.
949 3845 998 3905 55.
1016 3842 1066 3904 Aa
1094 3841 1295 3923 Consecratur
1319 3842 1421 3922 posui,
1450 3841 1496 3904 oei
1527 3843 1625 3906 555001
1650 3855 1710 3919 543

55 3943 239 4016 preceptum.
266 3937 354 4015 Ilerp.
376 3955 410 3996 u.
436 3953 521 3998 cons.
543 3936 658 3996 Votum
674 3937 731 3997 soli
746 3939 807 3999 Deo
857 3933 1387 4017 contropcopriomopiuiooemctiam
1395 3933 1624 4016 probabiliorem

53 4021 153 4090 501055
176 4034 300 4092 tantum
319 4027 436 4107 obligat
456 4029 496 4089 ad
524 4027 566 4102 id,
586 4029 670 4108 quod
697 4029 807 4091 melius
857 4027 1005 4092 absoluere
1013 4027 1215 4108 poenitentem,
1232 4027 1286 4107 qui
1297 4033 1373 4088 tenet
1385 4026 1547 4108 oppositam
1557 4049 1626 4110 pro-

54 4123 100 4193 est,
114 4123 189 4182 etad
207 4123 270 4184 olis
283 4139 349 4182 non
363 4126 543 4200 acceptatur
560 4123 653 4182 aDeo
671 4140 707 4184 :e
733 4141 806 4185 eon-
857 4120 993 4190 bobc'lem,
1008 4127 1037 4180 et
1057 4117 1216 4200 dereliquo
1231 4120 1290 4180 rite
1303 4125 1343 4180 est
1356 4116 1527 4200 dispositas,
1548 4141 1578 4184 v.
1592 4141 1623 4203 g.

53 4213 92 4272 lra
109 4220 212 4276 votum
237 4213 332 4275 simul
351 4212 471 4274 homini
489 4211 605 4274 factum
627 4213 745 4292 obligat
767 4217 807 4278 ad
857 4214 883 4274 si
914 4213 1067 4294 poenitens
1094 4210 1295 4292 probabiliter
1320 4217 1409 4292 potet
1435 4211 1494 4274 sibi
1522 4213 1624 4291 licere,

52 4317 142 4383 omne,
165 4307 251 4387 qnod
270 4323 335 4367 505
355 4311 402 4368 est
414 4311 498 4368 certo
518 4305 672 4384 illicitum,
692 4306 754 4369 sive
767 4307 807 4369 sit
855 4305 987 4386 ideoque
1001 4305 1094 4366 etiam
1107 4303 1319 4384 posthacvelit
1331 4304 1440 4365 diebus
1453 4303 1536 4367 iestis
1551 4309 1626 4368 scri·

52 4395 233 4474 melius,sive
247 4417 322 4459 505.
856 4397 929 4460 bere
948 4397 1026 4458 lucri
1053 4415 1155 4474 eausa,
1179 4414 1221 4456 an
1253 4395 1463 4458 Coniessarius
1483 4398 1626 4476 judicans

15 4483 34 4547 b
85 4486 162 4569 Objic
182 4494 212 4552 3.
236 4490 334 4552 Nemo
357 4489 497 4550 obediret
523 4489 682 4570 Superiori
704 4491 804 4570 impe·
855 4489 1046 4570 probabilius
1060 4505 1136 4564 esse,
1150 4487 1275 4568 550515
1288 4507 1352 4550 505
1367 4489 1457 4550 liceat
1474 4488 1543 4569 ipsi,
1555 4510 1625 4572 pos·

50 4580 309 4662 subingressum
331 4599 423 4662 super
441 4599 547 4661 aquas.
584 4581 669 4663 Resp.
692 4587 721 4644 1.
752 4583 804 4644 Sic
854 4583 893 4644 sit
906 4583 955 4643 vel
969 4579 1358 4642 debeateumabsolrere?
1373 4582 1468 4662 Resp.
1485 4583 1627 4646 Resolvit

51 4669 75 4730 S.
91 4673 213 4735 Manuos
236 4673 371 4736 obedivit
393 4673 426 4734 S.
454 4673 633 4736 Benedieto.
657 4674 746 4756 Resp.
771 4677 802 4737 b.
853 4673 1193 4756 quidemqueestionem
1217 4673 1426 4736 Busembaum
1445 4692 1550 4756 supra,
1573 4677 1626 4740 sed

50 4761 140 4828 Etiam
158 4767 290 4847 quisque
312 4784 344 4828 se
363 4765 522 4846 accingere
542 4766 668 4828 deberet
687 4768 803 4830 adhoc
853 4768 945 4849 paulo
961 4766 1102 4846 pluribus
1114 4783 1163 4826 res
1177 4771 1221 4826 est
1232 4765 1412 4846 explicanda
1425 4785 1432 4827 :
1446 4766 1519 4828 binc
1533 4769 1583 4832 sit.

49 4860 263 4937 aequandum,
279 4860 305 4920 si
318 4859 466 4939 probitas,
482 4865 513 4920 et
526 4859 690 4940 prudentia
706 4859 803 4940 Supe-
891 4861 909 4939 ἓ
923 4863 951 4921 1.
970 4859 1004 4920 Si
1017 4857 1226 4919 confessarius
1251 4857 1397 4920 omnibus
1410 4858 1493 4920 bona
1505 4859 1578 4938 fide,
1593 4867 1625 4923 et

48 4946 127 5011 noris
144 4957 224 5014 esset
245 4951 274 5014 ei
288 4951 362 5013 satis
376 4951 509 5031 cognita,
524 4957 600 5013 tunc
613 4952 697 5012 euim
712 4952 803 5014 debe·
853 4953 920 5014 sine
933 4951 1075 5032 passione
1099 4950 1310 5028 consideratis,
1328 4950 1480 5030 judicaret
1501 4954 1623 5034 opinio·

47 5048 88 5102 ret
104 5043 396 5123 praesumeremus
411 5043 459 5104 vel
476 5044 644 5124 imperaret
660 5061 698 5105 ex
712 5063 803 5125 supe·
853 5063 927 5106 nem
939 5043 1118 5124 poenitentis
1138 5061 1204 5104 non
1226 5060 1291 5104 esse
1305 5042 1510 5122 probabilem,
1526 5045 1625 5107 absol·

47 5131 118 5197 riore
131 5135 291 5212 instinctu,
304 5136 354 5198 vel
367 5140 490 5198 tantum
502 5136 605 5214 vellet,
620 5137 804 5200 atsubditus
853 5155 926 5198 vere
945 5154 1009 5197 non
1031 5141 1145 5215 posset,
1171 5135 1231 5196 nisi
1254 5133 1408 5215 poenitcns
1431 5138 1625 5215 promitteret

48 5223 159 5304 1000501,
185 5235 338 5308 quantum
364 5229 401 5289 in
430 5247 462 5290 se
490 5234 549 5304 est3
585 5235 804 5311 revocarelquo
853 5230 1057 5309 imposterum
1082 5227 1261 5308 opinionem
1279 5246 1366 5288 suam
1380 5227 1531 5306 50005050,
1551 5231 1626 5311 quia

47 5320 291 5382 mandatamvisa
305 5319 419 5382 subditi
429 5321 628 5402 dispositione
646 5330 803 5385 :econtra
856 5321 1065 5382 Confessarius
1078 5327 1153 5383 trine
1169 5320 1308 5400 judicare
1328 5337 1393 5380 non
1409 5326 1511 5399 posset
1528 5324 1626 5402 poeni·

48 5410 174 5474 sisoim
199 5411 397 5493 Superiorem
421 5431 486 5474 non
518 5431 583 5476 esse
605 5415 802 5494 prudentem,
854 5420 972 5476 tentem
982 5432 1048 5476 esse
1061 5413 1254 5492 dispositum,
1266 5417 1297 5474 et
1305 5412 1418 5473 babere
1432 5415 1626 5493 propositum

48 5503 94 5563 sed
109 5504 329 5584 imperiosum,
354 5523 419 5566 uon
438 5505 536 5566 debeo
559 5503 703 5576 obedire,
730 5508 804 5586 quia
855 5507 998 5569 servandi
1020 5507 1126 5568 omnia
1148 5506 1215 5580 Dei,
1238 5513 1269 5566 et
1287 5505 1428 5566 Ecclesiae
1449 5515 1622 5588 praecepta:

49 5594 132 5656 051505
143 5597 232 5658 illurn
250 5597 396 5658 excedere
413 5602 597 5677 potestatem
617 5598 802 5679 imperandi,
854 5619 911 5679 per
929 5599 1069 5660 accidens
1093 5603 1199 5659 tamen
1223 5597 1420 5678 quandoque,
1452 5597 1561 5660 sallem
1586 5603 1625 5664 55
