3976 6342
357 466 414 526 tott
926 464 1037 527 Lililiii
1059 460 1295 527 PRODROMUS

355 631 507 690 siasticam
528 631 711 710 potestatem
734 643 800 692 non
827 647 891 691 csso
917 630 987 709 jure
1020 630 1123 690 diuino
1173 637 1238 692 tam
1262 629 1453 710 impietatem
1477 630 1563 690 omni
1581 627 1645 688 zelo
1659 617 1797 689 attollere
1809 616 1908 690 minine

356 722 531 783 distinctam
566 730 597 783 et
635 725 896 803 independeniem
929 742 948 783 a
976 727 1125 803 potestate
1175 722 1330 785 omisistis.

356 815 449 890 civili,
465 834 567 894 neque
579 817 731 896 ejusmodi
743 817 981 891 distinctionem,
997 821 1028 875 et
1037 815 1124 875 inde-
1170 841 1177 850 ·
1213 819 1319 896 ltaque
1343 816 1427 877 hisce
1457 815 1573 876 Nostris
1598 814 1719 874 Litteris
1744 815 1803 875 Vos
1824 815 1910 875 iterun

357 909 557 987 pendentiam
575 911 691 971 servari
707 928 806 989 posse,
832 910 907 988 quin
930 909 969 969 ab
993 908 1125 968 Ecclesia
1176 910 1385 970 amantissime
1400 909 1599 988 alloquimur,
1620 907 1719 986 quiin
1733 907 1912 967 sollicitudinis

357 1001 544 1062 irtvsdantur
557 1008 588 1063 et
601 1009 789 1082 usurpentur
806 1002 976 1062 essentialia
983 1001 1055 1080 jura
1069 1018 1123 1079 po·
1175 1004 1295 1065 Nostrae
1323 1008 1444 1083 partem
1469 1002 1569 1062 vocati
1596 1018 1720 1061 summo
1749 999 1835 1060 Nobis
1854 1000 1912 1060 inter

358 1094 475 1155 testatis
487 1096 594 1156 civilis,
610 1118 625 1153 u
643 1098 743 1175 Atque
757 1096 879 1157 silentio
889 1095 1047 1174 preterire
1061 1112 1125 1153 non
1176 1097 1328 1157 maximas
1343 1097 1466 1157 Nostrae
1484 1094 1665 1155 acerbitates
1678 1091 1798 1166 solatio,
1811 1091 1911 1165 latitia,
1987 1123 1988 1128 ¹

359 1205 521 1267 possumus
542 1208 651 1250 eornm
673 1189 846 1260 audaciam,
867 1189 921 1268 qui
940 1205 1047 1248 sanem
1062 1205 1126 1247 non
1176 1195 1207 1250 ct
1234 1189 1433 1250 consolationi
1457 1189 1528 1249 estis
1549 1193 1675 1267 propter
1698 1185 1856 1264 egregiam
1870 1202 1915 1263 qus

359 1277 545 1340 sustinentes
558 1280 729 1340 doctrinam
741 1277 1127 1356 contenduntuillisApos-
1176 1284 1328 1363 praestatis
1353 1282 1546 1361 religionem,
1575 1281 1734 1360 pictatem,
1765 1296 1799 1338 ac
1819 1283 1916 1357 propter

361 1371 460 1431 toliere
477 1373 563 1432 Sedis
571 1372 707 1451 judiciis,
724 1378 755 1433 et
768 1373 909 1439 decretis,
925 1388 1058 1449 quorum
1072 1370 1127 1429 ob·
1177 1376 1294 1436 mirum
1315 1377 1405 1437 ilium
1426 1392 1576 1448 emerem,
1595 1373 1701 1442 tidem,
1725 1377 1759 1432 et
1779 1366 1915 1430 ubserrm

354 1463 650 1541 iectumadbonum
664 1463 1127 1543 generaleEcclesiaeejnsdcm·
1177 1469 1269 1542 tium,
1305 1487 1366 1546 qua
1394 1469 1489 1529 Nobis
1510 1473 1541 1529 et
1565 1466 1640 1527 buic
1665 1463 1844 1544 apostolice
1866 1462 1918 1523 Sodi

359 1575 419 1635 que
430 1557 513 1634 jura,
528 1577 564 1619 ac
579 1559 773 1638 disciplinam
788 1564 923 1638 speciale
942 1557 1125 1632 declaratur,
1178 1562 1423 1622 concordissimis
1445 1561 1557 1621 animis
1580 1557 1719 1619 obstricti
1732 1556 1918 1635 grauissimum

358 1651 528 1711 dummodo
563 1651 634 1712 lidei
668 1670 854 1730 morumque
886 1651 1031 1728 dogmata
1064 1668 1128 1709 non
1179 1655 1350 1734 episcopale
1371 1660 1509 1714 vostrum
1536 1651 1745 1713 ministerium
1770 1655 1879 1709 strenue
1894 1667 1918 1707 ac

359 1743 500 1820 attingat,
517 1763 605 1823 posse
623 1763 782 1805 assensum
801 1749 832 1804 ct
854 1743 1062 1802 obedientiam
1075 1742 1128 1803 de·
1180 1747 1285 1808 sedulo
1297 1748 1428 1827 implere
1439 1747 1634 1808 contenditis.
1649 1743 1773 1806 Etenim
1785 1741 1918 1803 abeunte

358 1838 481 1896 tractari
496 1837 755 1916 absqucpeccato,
771 1837 931 1915 ctabsque
952 1836 1129 1896 ullacatbo-
1178 1848 1280 1901 vestro
1307 1841 1452 1921 pastorali
1482 1840 1545 1900 zelo
1581 1842 1781 1916 expectamus
1806 1840 1838 1895 ut
1860 1851 1921 1893 asar-

360 1929 427 1989 licta
452 1929 648 2008 professionis
678 1931 841 2009 jactuum.»
878 1929 966 2001 Quod
1003 1928 1129 2006 quidem
1179 1941 1299 1994 mentes
1324 1934 1461 2012 gladium
1487 1933 1622 2012 spiritus,
1649 1930 1733 2009 quod
1758 1934 1802 1989 cst
1818 1927 1920 1988 vcrbun

360 2030 551 2101 quantopere
564 2024 741 2084 adversetur
755 2022 903 2083 catholico
915 2021 1051 2098 dogmati
1065 2020 1130 2099 pte-
1180 2028 1245 2095 Dei,
1260 2033 1291 2087 et
1302 2027 1465 2087 confortati
1475 2026 1508 2086 in
1523 2025 1622 2103 gratia
1631 2022 1757 2083 Domini
1771 2017 1921 2081 Nostriifflt

361 2135 410 2175 nas
425 2113 877 2194 potestatisRomanoPontilici
886 2113 925 2174 ab
937 2115 1004 2193 ipso
1012 2114 1130 2174 Christo
1180 2120 1291 2181 Christi
1316 2120 1416 2180 velitis
1446 2117 1646 2194 ingeminatis
1679 2115 1790 2176 studiis
1814 2112 1921 2193 quotide

362 2209 493 2268 Domino
520 2209 666 2270 divinitus
693 2208 810 2268 collatae
831 2207 1037 2266 universalem
1059 2225 1127 2285 pas
1181 2215 1279 2291 magis
1292 2212 1478 2292 prospicere,
1490 2210 1636 2271 utlideles
1651 2226 1734 2269 curse
1751 2222 1856 2268 vestre
1871 2223 1922 2265 con

362 2301 462 2376 cendi,
492 2302 630 2379 regendi,
667 2307 698 2362 et
724 2299 919 2378 gubernandi
953 2299 1127 2376 Fcclcsiam,
1181 2306 1288 2366 crediti
1321 2327 1336 2363 a
1363 2305 1537 2364 abstineant
1559 2303 1599 2362 ab
1627 2302 1732 2362 herbis
1752 2301 1854 2372 noxiis,
1868 2315 1922 2377 quus

361 2411 454 2454 nemo
476 2399 522 2453 est
542 2394 597 2473 qui
615 2411 680 2454 non
700 2393 781 2453 clare
798 2397 963 2471 aperteque
984 2391 1087 2451 rideat
1100 2398 1130 2452 et
1180 2419 1196 2455 n
1220 2400 1309 2458 lestis
1332 2397 1468 2458 Christus
1493 2414 1557 2456 non
1577 2395 1661 2468 colit,
1688 2393 1766 2472 quia
1793 2410 1851 2452 non
1871 2396 1923 2450 sunt

362 2485 522 2562 intelligat.
1181 2512 1196 2549 u
1220 2491 1369 2571 plantatio
1384 2490 1482 2551 Patris
1496 2489 1518 2550 ¹.
1533 2509 1548 2547 n
1568 2493 1668 2567 itque
1681 2487 1798 2547 eisdem
1811 2483 1923 2545 fidelibus

402 2580 437 2639 ln
458 2584 545 2639 tantu
565 2579 661 2658 igitur
683 2579 921 2658 depravatorum
946 2576 1131 2655 opinionum
1180 2584 1335 2645 inculcare
1357 2600 1521 2663 nunqnam
1544 2583 1685 2657 desinite,
1706 2596 1831 2641 omnem
1844 2594 1924 2638 aean

361 2673 580 2751 peruersitate,
608 2674 670 2733 Nos
703 2671 870 2752 apostolici
903 2670 1005 2729 Nostri
1038 2669 1132 2730 officii
1180 2677 1356 2738 felicitatem
1371 2677 1404 2737 in
1418 2676 1561 2736 homines
1576 2694 1614 2735 ex
1627 2668 1925 2752 augustanostrureli·

362 2764 457 2844 probe
470 2783 633 2840 memores,
645 2784 681 2826 ac
691 2766 729 2826 de
743 2762 935 2825 sanctissima
944 2767 1048 2821 nostra
1061 2762 1132 2822 reli-
1181 2771 1285 2848 gione,
1311 2770 1438 2848 ejusque
1461 2769 1600 2829 doctrina
1621 2772 1653 2827 et
1674 2765 1820 2826 exercitio
1839 2763 1926 2824 reims

362 2859 463 2935 mone,
477 2859 514 2918 cle
529 2877 604 2919 sana
621 2859 772 2933 doctrina,
793 2862 822 2917 et
836 2857 1013 2916 animarum
1034 2855 1131 2915 salute
1182 2864 1265 2932 dere,
1287 2881 1323 2923 ee
1342 2863 1467 2922 beatum
1491 2879 1556 2921 esse
1571 2860 1733 2940 populum,
1751 2858 1837 2935 carius
1849 2854 1926 2917 Domi

364 2950 619 3011 Nobisdivinitns
632 2948 1007 3026 commissa,ucdeipsius
1020 2947 1131 3008 nnma-
1181 2975 1241 3017 nus
1266 2957 1348 3016 Deus
1373 2954 1473 3035 ejus',
1503 2955 1614 3015 Dotete
1645 2973 1661 3010 u
1687 2951 1842 3012 catholica
1864 2948 1927 3008 Fidei

364 3061 413 3103 aas
427 3043 579 3103 societatis
593 3043 675 3104 bono
690 3046 821 3103 maxime
832 3041 961 3106 solliciti.
979 3041 1132 3120 Apostoli·
1182 3072 1197 3108 t>
1221 3049 1424 3112 firndemento
1453 3065 1550 3126 regna
1581 3046 1748 3107 subsistere
1763 3043 1785 3113 ³,
1819 3049 1847 3103 et
1869 3038 1927 3102 nihi

363 3153 431 3197 cam
444 3136 586 3197 Nostram
604 3154 712 3197 vocem
731 3136 843 3195 iterum
867 3133 1012 3195 extollere
1031 3134 1132 3193 existi·
1182 3164 1197 3201 ‚t
1222 3148 1286 3203 tem
1307 3141 1513 3206 mortiferum,
1538 3144 1603 3200 tem
1626 3154 1765 3220 preceps
1785 3137 1822 3198 ad
1835 3150 1927 3207 mum,

364 3228 528 3289 mavimus.
551 3229 655 3308 ltaque
674 3247 783 3290 omncs
810 3233 839 3289 ct
860 3226 996 3305 singulas
1022 3244 1132 3304 pravas
1182 3254 1198 3294 e
1221 3241 1286 3296 tem
1307 3235 1482 3313 expositum
1501 3233 1540 3293 ed
1560 3233 1666 3293 omniu
1689 3231 1836 3310 pericula,
1853 3227 1928 3286 siboc

364 3322 526 3400 opiniones
537 3340 573 3383 ac
585 3322 741 3382 doctrinas
755 3320 933 3399 singillatim
942 3319 1026 3378 hisce
1042 3318 1133 3379 Litta
1175 3326 1197 3386 'e
1220 3329 1321 3388 solnm
1334 3327 1425 3387 nobis
1436 3332 1581 3406 putantes
1600 3341 1689 3404 posse
1704 3322 1853 3395 sufficere,
1867 3317 1929 3398 quod

363 3416 405 3476 ris
419 3420 676 3475 commemoratas
689 3415 871 3475 auctoritaie
881 3413 990 3473 Nostra
1006 3412 1133 3490 Aposto
1182 3441 1197 3480 n
1223 3421 1357 3481 liberum
1372 3419 1548 3489 arbitrium,
1564 3435 1638 3479 cnm
1653 3428 1930 3477 roscemannus

364 3505 422 3566 lica
435 3503 649 3582 reprobamus,
663 3503 882 3582 proscribimus
906 3502 1133 3579 atquedumna-
1182 3535 1198 3572 ,s
1221 3509 1760 3593 ptmrrs‚pitrejamp[)0min0pthtl
1768 3521 1929 3588 premitus,

364 3608 444 3664 mua,
462 3614 574 3675 easque
593 3597 632 3656 ab
656 3596 800 3657 omnibus
820 3595 977 3656 catholicus
992 3594 1132 3654 Ecclesia
1183 3627 1198 3664 „
1222 3606 1253 3666 jd
1264 3612 1319 3677 est,
1336 3604 1577 3665 erretertspostrj
1590 3599 1930 3680 oblittejnspetentien,

364 3689 444 3763 fillis,
455 3688 1038 3768 telustl'epmbssifls,Pr0⁸ssripi⁸³flitltle
1048 3687 1134 3749 dam·
1183 3722 1198 3758 n
1223 3705 1259 3758 ut
1270 3712 1328 3758 nos
1345 3698 1546 3758 ostendamus
1560 3696 1687 3771 liberos,
1702 3690 1875 3773 abjuremus
1884 3690 1902 3750 ⁸.
1919 3709 1930 3743 r

364 3780 1090 3843 natasumuinohaberivolumnsetmandamur.
1185 3814 1197 3850 ι
1223 3795 1324 3870 Atque
1351 3790 1443 3850 etiam
1468 3807 1508 3850 nc
1534 3790 1685 3850 omittatis
1709 3787 1820 3848 docere
1838 3783 1933 3863 ιεςίιιιι

404 3874 448 3935 Ac
470 3880 583 3953 prater
605 3893 651 3942 ca,
677 3873 794 3952 optimc
819 3873 911 3947 scitis,
937 3872 1134 3933 venerabiles
1186 3906 1198 3943 i
1223 3890 1406 3964 potestatem
1424 3898 1490 3944 nou
1508 3882 1547 3943 ad
1563 3880 1666 3942 solum
1679 3880 1792 3941 mundi
1804 3879 1931 3956 regimen,

366 3967 505 4056 Fratres,
526 3968 609 4028 hisce
636 3966 828 4046 temporibus
862 3965 963 4025 omnis
996 3966 1135 4026 ueritatis
1184 3978 1276 4037 „sert
1301 3978 1436 4036 maxime
1464 3975 1503 4035 ed
1530 3975 1672 4034 Emissis
1692 3972 1867 4052 presidium
1885 3982 1933 4027 sac

361 4059 553 4140 justitiaque
576 4079 690 4133 osores,
713 4059 924 4120 ctaoerrimos
937 4062 1052 4120 nostras
1066 4059 1136 4119 reli·
1185 4092 1200 4128 n
1224 4068 1367 4130 collatam
1382 4067 1405 4141 ὓ,
1435 4073 1466 4128 et
1492 4066 1572 4128 nihil
1600 4085 1665 4128 esse
1690 4066 1773 4145 tpned
1797 4064 1934 4125 mutamur

365 4153 465 4230 gionis
483 4154 597 4228 hostes,
622 4171 677 4232 per
700 4152 859 4232 pestiferos
880 4150 986 4225 libros,
1003 4150 1131 4226 libellos,
1184 4184 1200 4221 ,s
1225 4162 1434 4240 Principibus,
1465 4167 1496 4221 et
1523 4159 1659 4238 Regibus
1687 4157 1797 4237 mejeri
1825 4150 1933 4223 fluctui,

365 4251 396 4308 et
409 4246 621 4326 ephemerides
642 4251 707 4306 toto
726 4251 881 4305 terrarum
895 4242 970 4302 orbe
983 4243 1134 4321 dispersas
1185 4276 1200 4314 s
1225 4255 1393 4334 glerieque
1407 4271 1471 4313 esse
1492 4254 1599 4332 pessit,
1622 4251 1768 4332 quamsi,
1784 4255 1819 4310 ut
1832 4246 1934 4327 sepien-

365 4340 486 4421 populis
513 4339 687 4409 illudentes,
717 4357 753 4398 ac
780 4337 932 4398 malitiose
950 4337 1135 4397 mentientes
1185 4369 1200 4406 n
1224 4347 1360 4407 tissimus
1382 4345 1630 4423 fortissimusque
1651 4345 1729 4404 alter
1749 4341 1956 4419 Prterieeessur,

365 4433 440 4494 ullas
462 4432 572 4512 impias
596 4449 734 4510 quasque
752 4429 953 4490 disseminare
967 4429 1132 4489 doctrinas.
1186 4460 1201 4496 s
1225 4440 1336 4499 Noster
1350 4439 1381 4498 S.
1398 4428 1480 4498 Felix
1499 4437 1615 4497 Zenoni
1631 4434 1813 4516 Imperatori
1826 4427 1935 4512 perari-

365 4528 470 4604 Ncquc
498 4524 664 4603 ignoratis,
693 4523 867 4585 bacaliam
895 4527 999 4582 nostra
1027 4526 1132 4599 astate,
1185 4531 1327 4604 eluebat,
1344 4530 1511 4590 Ecclesiam
1530 4528 1712 4589 catholicam
1716 4572 1777 4589 .....
1794 4518 1936 4585 sinantati

364 4618 532 4680 nonnullos
553 4617 691 4697 reperiri,
716 4618 770 4696 qui
790 4619 912 4678 Satanae
938 4614 1046 4693 spiritu
1063 4635 1134 4695 per·
1186 4644 1201 4682 e
1225 4623 1346 4702 legibus
1367 4623 1440 4694 suis,
1460 4639 1519 4682 nee
1531 4621 1667 4682 libertati
1686 4621 1752 4699 ejus
1766 4628 1936 4698 quemquam

364 4711 453 4786 moti,
469 4717 500 4770 et
513 4710 628 4770 incitati
642 4729 680 4770 eu
700 4709 865 4790 impietatis
880 4709 1084 4785 devenerunt,
1101 4715 1136 4770 ut
1183 4715 1405 4795 »permittant
1425 4713 1571 4774 obsistere
1576 4759 1636 4774 .....
1653 4714 1778 4774 Certum
1797 4705 1932 4775 ostentm,

366 4803 601 4864 Dominatorum
635 4802 803 4863 [lominum
844 4802 991 4861 Nostram
1027 4803 1134 4863 lesum
1183 4808 1282 4869 »hoc
1302 4807 1395 4868 rebus
1414 4808 1476 4867 suis
1494 4823 1562 4867 esse
1587 4806 1734 4879 salutare,
1758 4808 1805 4873 ut,
1827 4816 1893 4862 curn
1907 4796 1937 4854 dc

365 4895 520 4956 Christum
534 4914 659 4973 negare,
679 4895 807 4973 ejusque
826 4894 1026 4953 Divinitatem
1045 4896 1136 4955 scele-
1183 4920 1198 4958 n
1224 4900 1323 4961 carreis
1337 4900 1391 4960 Dei
1410 4904 1530 4977 agatur,
1543 4899 1633 4977 juxta
1645 4898 1740 4978 ipsius
1753 4893 1936 4956 consanum

365 4995 434 5050 rata
447 4989 629 5068 procacitate
643 5006 821 5067 oppugnare
836 5004 900 5047 non
917 4993 1060 5065 paveant.
1079 4988 1134 5047 ilic
1184 4991 1342 5068 aregium
1375 4991 1570 5050 voluntatem
1605 4987 1820 5050 Sacerdotibus
1844 4978 1937 5043 Christi

365 5081 716 5159 vcrohaudpossumus,
727 5079 1135 5158 quismarimismeritisque
1183 5104 1199 5142 s
1224 5084 1368 5144 studeant
1381 5083 1524 5157 subdere,
1540 5099 1606 5142 non
1620 5077 1794 5161 praeieme‘.
1817 5097 1832 5134 a

366 5173 509 5235 laudibus
522 5174 584 5233 Vos
596 5172 769 5245 efferamus,
786 5171 987 5231 Venerabiles
1001 5171 1132 5247 Fratres,
1224 5177 1283 5238 Sed
1307 5177 1331 5236 si
1354 5192 1487 5254 semper,
1510 5174 1710 5235 Venerabiles
1727 5173 1853 5241 Fratres,
1867 5179 1935 5225 nunc

365 5268 420 5346 qui
433 5266 637 5347 episcopalem
660 5270 794 5326 vestram
816 5283 925 5325 rocem
944 5270 1051 5325 contra
1064 5270 1132 5326 tan-
1183 5268 1380 5348 potissimum
1402 5267 1436 5328 in
1457 5265 1552 5327 tantis
1565 5266 1719 5341 Ecclesiae,
1734 5262 1934 5338 civilisqucsu

401 5429 411 5479 t
433 5428 450 5480 s
475 5429 610 5493 senatun.
625 5426 812 5492 asennaeum.
832 5427 847 5476 a
1217 5433 1232 5482 ι
1247 5433 1274 5483 s.
1290 5434 1408 5484 innocen.
1423 5432 1432 5483 1
1447 5430 1513 5496 erat.
1530 5430 1564 5480 ss
1578 5429 1607 5480 au
1621 5429 1699 5495 sprec.
1712 5441 1761 5480 en.
1778 5414 1933 5485 arnestat

399 5504 492 5554 tPsal.
507 5505 564 5555 itt.
1187 5507 1265 5560 const.
1282 5522 1306 5573 p.
1323 5508 1381 5558 ast.

400 5577 457 5628 38.
481 5578 568 5630 Galat.
588 5580 656 5645 epist.
683 5578 716 5632 22
739 5575 768 5628 ad
785 5577 841 5642 Syn.
866 5577 950 5643 liphes.
975 5577 1033 5640 apud
1055 5578 1133 5632 coust.
1219 5585 1234 5633 5
1249 5583 1276 5634 S.
1292 5581 1336 5632 Leo
1352 5581 1422 5648 Epist.
1439 5579 1528 5632 laed.
1544 5578 1603 5632 125.

367 5668 390 5718 p.
411 5652 482 5703 ¹200.
1220 5658 1235 5708 t
1253 5659 1308 5709 Pius
1321 5655 1368 5707 Vll.
1386 5656 1458 5723 liplst.
1474 5654 1710 5720 instabilitatem
1723 5654 1762 5705 ts.
1777 5649 1830 5702 utsii
1843 5643 1907 5700 itii).
