4200 6348
339 379 363 437 '8
955 378 1065 441 LIBER
1087 377 1318 442 ruobbertus

342 543 503 622 gostinum
524 543 626 606 ,ΗΜ
655 543 690 606 de
714 546 798 606 Docl.
825 543 934 607 Clerc‘sl.
963 563 1030 625 cop.
1060 547 1109 606 3¹1.
1161 545 1255 607 verbu
1267 545 1346 607 lob:
1367 545 1394 608 T
1391 565 1447 607 arro
1460 565 1547 629 super
1566 546 1795 630 omnipotentens
1809 547 1915 612 dele'ciis

346 635 495 698 Titalabil
529 635 611 718 fides.
640 638 666 697 si
690 635 858 699 diuinarum
881 637 1110 720 Scripturarnm
1161 637 1277 720 afflues.

344 728 462 791 vacillet
488 729 662 791 authoritas.
698 730 754 792 Hie
780 735 898 792 veteres
926 731 1111 792 Christianos
1201 733 1251 793 VI.
1277 731 1512 815 Simplicitatem
1534 734 1700 814 Scriptores
1728 735 1827 797 Suoroe
1848 735 1923 818 (quoe

344 822 536 884 consuevisse
557 823 592 883 in
612 823 735 903 templis
752 824 816 884 suis
834 825 896 884 duo
913 825 1076 885 secretorio
1093 843 1112 885 e
1160 829 1245 885 sexta
1260 825 1326 904 ejus
1340 825 1511 906 proprietas
1520 825 1574 908 est)
1592 827 1668 887 dum
1680 825 1759 896 dieo,
1771 828 1926 907 vulgarem

343 913 462 983 dextro,
484 920 515 975 et
525 915 649 977 sinistro
669 915 765 977 lutere
785 916 897 977 absidis
914 917 1109 994 constituere,
1160 915 1309 996 intelligo,
1326 923 1418 997 etqua
1428 918 1581 979 incultum
1594 919 1721 1000 stylum,
1734 921 1856 999 qualem
1865 922 1926 1000 ejus

343 1024 478 1085 quorum
501 1007 634 1070 ultorum
660 1008 864 1069 Sanctissimae
890 1009 1108 1084 Eucharistiae,
1160 1008 1231 1070 libri
1243 1027 1309 1070 esse
1321 1012 1468 1089 oportuit,
1484 1013 1618 1091 quivere
1631 1012 1765 1090 divinus,
1778 1015 1926 1092 nequeob

344 1099 476 1162 alterum
489 1101 590 1162 Sooroe
605 1101 769 1181 Seriptsuee
777 1101 864 1162 libris
873 1103 1040 1164 condendis
1047 1109 1112 1164 erat
1158 1101 1218 1162 ulio
1232 1107 1366 1172 auctore,
1383 1121 1505 1182 quemn
1520 1105 1636 1184 Spiritu
1651 1105 1761 1165 Soncto
1780 1105 1927 1184 proiectus

343 1192 550 1268 destinetum3
566 1194 745 1256 testificetur
759 1196 793 1256 B.
808 1196 955 1257 Paulinus
967 1197 1005 1256 od
1019 1197 1110 1258 Seve—
1161 1193 1364 1254 demonstrari
1373 1195 1490 1273 debuit,
1505 1203 1599 1276 etque
1609 1197 1767 1274 omnibuS,
1777 1197 1927 1260 indisertis

342 1303 415 1345 rum
443 1285 572 1364 epistola
601 1288 649 1346 li.
675 1286 752 1347 Vide
782 1289 927 1349 eumdem
954 1289 1111 1350 Sororium
1162 1305 1296 1366 quoque,
1312 1306 1347 1348 ue
1361 1289 1537 1349 rudioribus
1556 1297 1671 1369 patere.
1694 1289 1846 1350 Ridebent
1865 1289 1928 1369 qui-

345 1396 412 1460 cap.
443 1381 461 1439 7
490 1384 521 1439 et
541 1379 722 1459 Bulinghem
757 1399 821 1462 cap.
849 1384 1048 1463 lproporot.
1074 1382 1114 1444 od
1161 1380 1233 1440 dem
1247 1380 1322 1440 olim
1336 1381 1457 1442 Etbniei
1479 1381 1573 1442 libros
1587 1387 1708 1442 nostros
1722 1400 1835 1448 saeros.
1850 1383 1929 1462 quod

345 1469 381 1531 S.
395 1469 508 1552 Scre'pt
1161 1472 1194 1533 in
1208 1473 1249 1532 iis
1259 1491 1360 1534 sermo
1375 1475 1533 1554 inelegans
1551 1479 1639 1552 esset,
1655 1481 1748 1554 atque
1761 1475 1928 1554 impolitus,

381 1564 431 1624 III.
454 1563 614 1625 Necessitas
628 1565 727 1626 Saorae
746 1566 912 1646 Scripturae
927 1568 1053 1628 moralis
1067 1575 1112 1629 est
1162 1565 1299 1626 Aruobio
1324 1571 1400 1627 teste
1418 1566 1502 1628 liat
1528 1565 1596 1629 odo.
1612 1575 1727 1646 gentes:
1743 1570 1822 1647 quin
1841 1569 1930 1628 ctiam

343 1661 476 1736 quatuor
500 1657 695 1736 potissimum
721 1658 759 1719 de
787 1660 894 1720 causis.
929 1660 953 1720 I.
969 1661 1007 1720 Ut
1034 1665 1113 1721 esset
1162 1657 1220 1718 sibi
1238 1659 1425 1738 displicuisse
1445 1660 1560 1720 horum
1583 1660 1736 1720 librorum
1759 1659 1931 1720 barbariem

343 1749 505 1810 oblivionis
517 1750 614 1810 ueluti
630 1751 904 1827 medicamentum,
924 1751 1111 1813 subsidium·
1161 1749 1296 1811 intentur
1305 1770 1370 1812 non
1384 1752 1450 1812 sine
1464 1752 1611 1832 lucrymis
1625 1752 1817 1832 Augustinus
1833 1751 1886 1813 lib.
1903 1755 1930 1812 3.

343 1861 403 1921 que
418 1844 586 1904 memoriae.
599 1844 634 1904 ll.
652 1843 693 1904 Ut
706 1844 854 1905 doctrinis
868 1844 978 1904 divinis
993 1845 1113 1908 firmior
1165 1840 1251 1924 Coos.
1281 1862 1306 1904 c.
1330 1845 1349 1904 o
1369 1849 1400 1904 et
1420 1844 1630 1923 Hieronymus
1649 1846 1683 1904 in
1704 1863 1751 1918 eo,
1773 1862 1870 1922 qurum
1899 1842 1931 1903 de

342 1935 418 1996 fides
442 1936 627 2004 boberetur;
655 1937 802 1998 doeemur
815 1938 1110 2017 enimeuperientiu,
1162 1934 1290 1996 custodio
1324 1935 1510 2016 Virpe'nitate's
1538 1937 1578 1997 nd
1606 1937 1807 1998 Eustochium
1831 1937 1931 2010 dedit,

343 2028 391 2105 iis,
408 2046 478 2107 quae
488 2029 600 2108 publici
613 2029 730 2089 Notarii
744 2047 839 2090 manu
849 2030 1008 2108 obsignata
1015 2032 1113 2092 unim-
1163 2027 1302 2106 epistola.
1324 2028 1452 2090 Utinam
1470 2045 1543 2088 vero
1557 2035 1732 2105 novatores,
1753 2028 1809 2108 qui
1832 2028 1932 2088 istius-

342 2121 492 2196 odvertut,
508 2121 626 2182 lucilius
642 2122 783 2182 assentiri
798 2123 997 2191 intellectum,
1017 2141 1113 2203 quum
1163 2121 1247 2180 modi
1260 2121 1408 2200 exemplis
1421 2120 1548 2181 mirifice
1564 2122 1765 2198 delectantur,
1778 2139 1934 2200 novosque

342 2212 485 2292 illisquse
497 2213 537 2274 ab
546 2213 835 2275 eliisennrrentibus
850 2216 1003 2276 erudimus.
1012 2217 1063 2276 Ill.
1074 2217 1114 2278 Ut
1164 2214 1329 2293 Scripturas
1343 2214 1499 2274 versiones
1514 2214 1625 2274 endere
1636 2214 1669 2275 in
1678 2214 1742 2274 dies
1752 2213 1934 2292 aggrediun-

343 2323 442 2385 quum
456 2305 488 2366 in
507 2306 637 2367 obseura
652 2307 816 2386 Scripturee
832 2307 899 2368 loeo
907 2307 1115 2389 impingerent
1163 2311 1226 2383 tur,
1239 2307 1323 2386 quod
1335 2311 1440 2367 sanctu
1453 2306 1521 2381 istu,
1539 2311 1570 2368 et
1584 2305 1715 2386 simplex
1728 2305 1802 2386 ipsis
1815 2305 1936 2366 sordeat

342 2397 496 2474 homines,
517 2400 556 2460 ud
575 2400 651 2460 ulios
669 2399 812 2461 homines
827 2418 941 2480 magno
962 2403 1113 2464 virtutum
1165 2399 1340 2479 antiquitus,
1356 2399 1534 2477 Augustini,
1552 2403 1644 2478 atque
1659 2400 1845 2478 Hieronymi
1857 2416 1936 2459 erro

343 2491 540 2570 humilitatis,
570 2491 769 2569 obedientiae,
798 2493 870 2554 fidei
897 2496 1114 2556 exercitatione
1164 2509 1230 2552 rem
1253 2509 1346 2552 suum
1369 2491 1551 2552 deflentium
1572 2490 1718 2570 lacrymis
1741 2490 1865 2552 incitati
1883 2490 1936 2551 nli-

344 2583 556 2662 conlugerent,
581 2590 731 2664 nuquam
750 2585 790 2647 ud
812 2587 1006 2666 interpretes,
1022 2593 1114 2668 otqsre
1164 2583 1434 2664 quondosupient!
1452 2584 1605 2646 Gestorum
1623 2583 1867 2644 carditissimum
1882 2583 1935 2643 Be·

343 2676 517 2755 Magistros.
530 2677 581 2739 lV.
604 2678 737 2739 Periculi
754 2679 1020 2742 deuitandiceusu.
1038 2682 1115 2744 Nem
1163 2677 1312 2738 nedictini
1342 2677 1457 2738 Martio
1484 2675 1699 2737 Praeletionem
1727 2676 1762 2736 in
1789 2675 1938 2736 Gullioom

346 2765 440 2848 (quod
452 2769 490 2829 nb
505 2771 626 2830 lounue
641 2771 857 2850 Chrysostomo
876 2791 948 2834 vere
966 2773 1115 2853 seriptum
1164 2788 1252 2830 sunm
1281 2769 1409 2831 locorum
1430 2768 1530 2832 Sacra
1547 2767 1716 2850 Scriptura
1727 2765 1936 2849 difficiliorem

343 2860 377 2920 in
400 2860 484 2923 Peal.
521 2859 570 2942 95)
599 2862 626 2922 si
652 2861 725 2942 quid
744 2862 861 2924 decolor
882 2864 986 2946 absque
1003 2865 1113 2948 Screp-
1164 2862 1398 2943 explanationem
1425 2861 1543 2940 siquis
1570 2860 1689 2940 legerit,
1716 2878 1756 2921 ex
1774 2858 1935 2934 Plautinis

346 2959 427 3026 lura,
442 2952 611 3015 auditorum
640 2955 766 3032 copnr'tr'o
788 2954 945 3032 claudicat,
973 2978 1050 3020 nanc
1064 2979 1115 3021 an·
1165 2955 1293 3034 aliisque
1301 2954 1452 3033 ejusmodi
1460 2952 1675 3015 vetustissimis
1683 2951 1821 3014 lontibus
1829 2953 1938 3013 hausto

343 3062 445 3122 uaeas,
474 3065 552 3107 aare
580 3044 726 3123 hesitans,
742 3055 771 3108 et
793 3047 938 3110 lietardum
958 3070 1115 3112 sermonem
1165 3047 1338 3126 oVulgateu
1357 3051 1470 3108 nostroe
1491 3045 1618 3118 editore,
1648 3045 1817 3124 comperiet
1836 3045 1936 3126 plura,

343 3145 376 3196 ot
402 3137 556 3219 friuolam,
582 3158 740 3216 aoer’sons,
776 3140 925 3203 interdum
950 3150 984 3206 at
1005 3144 1113 3226 proba.
1166 3154 1235 3216 quse
1247 3135 1455 3196 barbarismos
1467 3136 1567 3216 prime
1581 3134 1682 3195 boote
1692 3133 1938 3196 exhibentVide

344 3226 433 3289 bilem
448 3231 598 3312 recipiens,
634 3231 737 3293 Verum
759 3231 811 3293 ubi
829 3251 866 3295 ex
888 3233 1045 3318 smptm
1060 3237 1115 3299 Di.
1167 3229 1324 3290 Sererium
1340 3227 1460 3309 Prolep.
1477 3245 1540 3310 cap.
1553 3229 1592 3288 23
1607 3233 1638 3288 et
1651 3225 1792 3288 Bonfrer.
1810 3223 1937 3308 Praeloq.

344 3320 421 3382 vinee
445 3322 521 3384 noeis
537 3323 651 3404 prodiit
681 3325 892 3395 testimoniam
916 3335 945 3388 et
973 3327 1116 3410 loquentis
1166 3340 1230 3404 cap-
1249 3325 1296 3383 l0·

341 3432 509 3492 sermonen,
547 3424 575 3477 et
611 3415 755 3478 audieatis
783 3419 918 3481 alelmum
947 3421 1113 3505 confirmat,
1205 3416 1268 3476 VII.
1285 3413 1372 3475 Addo
1384 3419 1489 3475 temen
1504 3432 1576 3474 cum
1590 3413 1643 3474 illo
1658 3412 1740 3490 rudi,
1757 3418 1788 3472 et
1797 3411 1940 3493 impolito

342 3506 419 3568 Vide
434 3508 646 3570 Sulmeroncm
658 3509 779 3592 Proleg.
796 3510 851 3573 lib.
866 3517 895 3574 t.
1166 3508 1246 3588 stylo
1274 3513 1354 3568 staro
1378 3524 1466 3587 posse
1494 3505 1720 3586 eloquentiam,
1752 3523 1888 3586 eamque
1908 3505 1941 3564 iu

382 3600 434 3661 lv.
456 3599 549 3662 Utilis
564 3607 609 3662 est
622 3603 791 3682 Scriptura.
807 3604 852 3664 Ex
868 3605 963 3667 Paulo
977 3607 1115 3688 ejmuu-
1166 3601 1258 3662 Sacro
1292 3599 1449 3678 Scriptura
1481 3617 1546 3660 esso
1587 3616 1743 3660 sommam
1769 3598 1942 3660 rectissime

341 3693 441 3756 litotes
462 3693 608 3756 discimus
637 3696 708 3757 ded
733 3696 813 3758 Tim.
842 3699 871 3758 3.
888 3698 990 3761 Omnis
1014 3703 1114 3784 scrip.
1166 3691 1496 3754 Picusblirendulanus
1509 3690 1758 3752 adHermolaum
1766 3690 1942 3752 Barbarum

342 3793 411 3847 tora
424 3784 562 3848 divinans
577 3787 820 3868 inspirationes
834 3798 875 3852 est
888 3790 929 3852 ot
944 3790 1113 3874 monera,
1165 3784 1317 3846 scribebat
1342 3805 1350 3845 ε
1380 3781 1449 3846 Nor
1489 3791 1628 3862 movent,
1669 3801 1727 3844 ooo
1762 3781 1943 3864 moratur

341 3876 581 3958 adaequalem,
594 3879 1116 3962 adcorrrpieadam,oderocllendum
1168 3876 1271 3939 Socra
1282 3877 1416 3950 Littera,
1429 3875 1480 3937 sed
1490 3881 1608 3957 coeant,
1625 3876 1755 3958 agitant,
1776 3876 1838 3938 eim
1860 3874 1942 3957 inse-

343 3970 376 4031 ia
383 3970 520 4052 justitio,
535 3978 570 4031 al
580 3972 728 4054 perfectio
748 3973 785 4034 sil
803 3973 889 4036 lamo
909 3975 968 4038 Dei
981 3977 1022 4039 ad
1033 4000 1117 4042 omne
1166 3977 1256 4046 rora·
1268 3969 1354 4050 ledii
1368 3967 1466 4042 lulla,
1486 3977 1515 4030 lt
1529 3969 1658 4051 “diesim
1677 3967 1774 4037 verba·
1791 3967 1843 4030 3θᾶ
1859 3967 1941 4042 vina,

341 4081 414 4144 opas
428 4062 532 4125 lanam
546 4065 717 4127 instructos.
731 4066 807 4129 Vide
822 4069 978 4130 Sororium
1005 4076 1115 4155 copti
1165 4061 1215 4124 ted
1238 4062 1379 4130 animalia
1420 4061 1568 4140 flammea,
1607 4060 1754 4134 aculeata,
1779 4059 1821 4122 ad
1849 4061 1942 4122 5me

341 4163 371 4215 et
387 4159 436 4217 l0.
1165 4155 1307 4237 spiritam
1330 4154 1521 4236 penetrantia
1550 4153 1692 4215 bominem
1726 4159 1821 4214 toturn
1845 4161 1946 4234 potes-

380 4248 418 4310 V.
432 4247 674 4330 Dejocaadilate
688 4269 781 4330 porro
793 4253 1116 4332 quidettinetdioere?
1166 4256 1224 4309 tate
1242 4245 1377 4308 mirabili
1404 4247 1665 4326 transformantia.
1688 4247 1777 4307 Vide.
1804 4247 1940 4325 August.

345 4340 440 4416 Quam
453 4339 556 4404 dulcia
572 4340 708 4423 sancitas
730 4345 799 4406 meis
812 4345 930 4428 eloquia
943 4349 1014 4410 taal
1029 4369 1118 4434 saper
1166 4341 1220 4402 lib·
1236 4338 1299 4400 Ad&
1316 4341 1398 4400 0⁰⁶!-
1416 4338 1531 4402 Cllitl·
1550 4359 1576 4401 0·
1590 4342 1620 4401 6·
1648 4340 1721 4400 Hffiss
1741 4340 1942 4418 generatim:

340 4433 401 4494 rael
417 4433 465 4494 ori
476 4453 549 4511 meo,
572 4436 672 4497 aiebat
686 4455 772 4498 sacer
799 4440 892 4501 Vates
917 4440 1032 4506 Psalm,
1061 4446 1119 4504 118
1166 4432 1325 4514 speciatim
1335 4449 1409 4492 vero
1421 4432 1459 4493 de
1472 4432 1557 4493 lsniae
1569 4431 1721 4492 vaticiniis
1734 4431 1784 4492 edi
1799 4431 1944 4492 Sanehez

339 4524 413 4598 Quo
439 4526 565 4606 quidem
587 4529 667 4589 miro
685 4529 863 4608 jncunditas
882 4540 950 4593 tum
972 4552 1010 4594 ex
1032 4535 1115 4616 ipsis·
1168 4523 1343 4606 iaproamio
1357 4522 1480 4584 adduae
1488 4521 1677 4606 prophetam,
1695 4527 1726 4585 et
1740 4522 1945 4584 bonirerium

341 4617 428 4678 libris
446 4620 541 4680 sacris
560 4620 773 4700 proficiscitur,
783 4625 1119 4702 quumoliudnihilsint
1167 4617 1298 4698 Prerloq.
1316 4617 1512 4697 captarent.
1530 4619 1558 4677 l.
1570 4615 1945 4696 DePuuliveroepistolis

338 4709 398 4771 alsi
429 4709 565 4792 qaudam
594 4712 720 4795 epe'slola
750 4715 965 4798 &prepotentes
996 4719 1055 4781 Dei
1081 4721 1121 4782 ad
1167 4711 1430 4790 ChsySOStOmUms
1458 4716 1489 4769 θῑ
1512 4709 1740 4790 Hiel'OssyfflVffl
1759 4708 1790 4769 ²⁸⁷²
1810 4705 1946 4789 θΡῘδῑθῙα

338 4811 506 4866 areolarum
548 4825 630 4868 suam
669 4807 716 4868 uti
757 4810 950 4888 aGregorio
995 4813 1106 4892 Magno
1166 4801 1206 4864 ad
1220 4801 1454 4862 Pammssllt-'Vm-
1471 4821 1486 4858 r>
1591 4869 1593 4872 .

337 4895 485 4976 seriptum
507 4899 650 4961 novimus
693 4899 746 4963 lib,
781 4903 801 4962 4
827 4901 912 4982 epist,
947 4905 1009 4979 84,
1038 4909 1108 4967 tum
1196 4895 1277 4958 Vlll.
1313 4893 1556 4955 Prolunditotem
1579 4894 1808 4974 Scripturerum
1833 4892 1946 4954 eonsi-

338 5004 376 5048 ex
390 4989 571 5052 corumdem
585 4993 724 5071 materie,
745 5013 782 5056 ex
801 5012 948 5056 sensuum
968 4996 1001 5056 in
1015 4995 1052 5056 iis
1063 5015 1110 5058 re.
1157 4989 1267 5050 derons
1287 4986 1478 5066 Augustinus
1493 4986 1685 5048 exclamabat
1708 4985 1761 5047 lit.
1792 4987 1829 5046 li.
1849 4983 1942 5066 Cous.

336 5083 496 5158 portorum
523 5080 708 5160 diversitate,
738 5090 830 5164 etque
858 5103 896 5144 ex
919 5084 995 5165 spei,
1015 5103 1110 5165 quom
1158 5100 1224 5162 cop.
1260 5083 1310 5140 lt.
1340 5079 1423 5140 Miro
1449 5079 1642 5159 proseinditas
1680 5086 1721 5140 est
1754 5077 1947 5159 eloquiorum

336 5167 481 5244 excitent,
510 5169 662 5249 singulari
686 5172 778 5252 plone
807 5173 926 5235 solatio.
957 5175 1111 5238 Nimirum
1160 5182 1290 5248 taurian,
1320 5171 1451 5240 Domine,
1468 5189 1594 5252 qaorum
1608 5190 1669 5233 ecce
1683 5179 1750 5233 ante
1765 5189 1948 5250 nossaper-

336 5277 525 5341 quacumque
546 5262 659 5343 scripta
684 5272 768 5342 sant,
804 5263 844 5326 ad
879 5274 1007 5328 nostram
1041 5266 1111 5329 doe·
1160 5265 1240 5348 ficies
1264 5263 1413 5326 blandiens
1438 5264 1583 5344 peccatu,
1612 5263 1661 5326 sed
1692 5264 1773 5326 miro
1801 5263 1946 5344 prosua-

335 5351 450 5416 lrinam
477 5352 588 5434 scripto
609 5363 692 5433 saal,
718 5365 752 5417 at
774 5377 831 5438 per
856 5359 1048 5438 'patientiam
1084 5368 1113 5420 et
1161 5359 1248 5434 ditas,
1267 5355 1345 5418 Deos
1368 5374 1458 5431 meas,
1482 5355 1561 5416 mian
1587 5355 1788 5438 profunditas,
1813 5351 1944 5428 bor-ror,

335 5443 559 5508 consolationem
596 5445 827 5529 Scrcptararrarn
846 5469 922 5532 spem
947 5451 1110 5513 deleamus.
1162 5457 1203 5513 est
1219 5448 1366 5511 intendere
1389 5449 1421 5508 in
1447 5467 1522 5526 earn,
1547 5448 1654 5510 leocror
1674 5448 1803 5523 lionoris,
1830 5455 1862 5507 et
1884 5453 1948 5508 tre·

335 5535 411 5597 Vide
425 5536 608 5615 Gregorium
629 5539 683 5602 lib.
701 5543 739 5602 l6
767 5541 846 5604 Mor.
873 5563 938 5624 cap.
963 5545 1047 5606 lain
1061 5545 1114 5606 illu
1163 5563 1229 5605 neor
1253 5541 1372 5603 arnonis.
1404 5541 1448 5602 ltu
1475 5559 1559 5619 sone,
1589 5543 1653 5604 sive
1680 5542 1777 5622 ipsius
1794 5541 1946 5601 muteriae
