3944 6350
674 462 725 522 DE
744 458 1012 522 caussinum.
1584 457 1639 518 391

70 631 140 712 pori,
153 629 225 710 quia
245 629 410 690 destruunt
428 627 649 703 valetudinem,
663 631 824 686 attenuant
873 625 956 686 malo
978 626 1184 704 abducendos,
1206 627 1289 706 quod
1307 631 1376 706 post
1388 621 1642 684 consuetudinem

70 729 162 802 caput,
174 739 253 802 saepe
271 720 416 798 redigunt
431 720 593 782 hominem
605 719 645 780 ad
658 718 822 793 insaniam,
873 725 1071 798 peccatorum
1084 739 1149 780 non
1162 720 1239 781 adeo
1253 719 1339 780 facile
1353 717 1399 779 fit.

69 815 155 876 vitam
166 833 245 894 saepe
254 814 452 876 adbreviant:
464 812 577 874 deinde
590 811 714 886 anima,
730 827 825 889 quam
913 811 940 890 ξ.
966 814 995 872 6.
1023 812 1141 891 Siquis
1162 831 1247 873 nunc
1269 811 1370 872 adhuc
1388 809 1554 870 deliberate
1567 825 1641 868 con·
1667 821 1728 882 520

68 909 192 969 reddunt
216 905 400 980 intricatam,
430 907 608 978 desolatam,
632 904 822 984 perplexam,
873 904 985 964 sentiat
1013 906 1048 964 iu
1083 911 1216 984 peccata,
1245 903 1388 983 quamvis
1416 907 1522 982 postea
1553 900 1644 961 valde

68 1001 241 1079 quandoque
259 998 545 1079 desperabundam3
570 997 765 1058 confundunt
780 995 826 1054 in·
874 1001 1017 1072 angatur,
1045 997 1172 1058 sollicite
1186 1015 1218 1057 se
1232 996 1405 1070 examinet,
1432 993 1523 1056 auxia
1550 992 1645 1054 confi-

67 1091 222 1170 tellactum,
244 1091 406 1170 judicandi
432 1092 496 1152 vim
527 1089 721 1170 perturbant,
744 1106 824 1166 saepe
874 1093 986 1164 tectur,
1011 1089 1115 1168 sicque
1134 1090 1268 1169 seipsum
1286 1089 1389 1167 aliquo
1412 1087 1506 1148 modo
1527 1085 1643 1159 turbat,

68 1190 159 1246 totum
172 1184 332 1246 hominem
345 1182 647 1262 insignibustalentia
658 1181 824 1260 praeditum
875 1199 940 1240 non
966 1182 1035 1243 ideo
1058 1182 1161 1243 statim
1189 1182 1307 1244 censeri
1330 1181 1422 1242 debet
1434 1178 1642 1258 scrupulosus,

67 1277 190 1338 reddunt
202 1276 242 1336 ad
256 1293 363 1338 omnes
377 1275 549 1336 limationes
565 1275 727 1355 ineptum:
744 1291 823 1351 prae-
876 1278 922 1332 est
936 1273 1018 1334 enim
1027 1274 1112 1351 justa
1125 1293 1215 1336 cause
1224 1275 1307 1335 illius
1317 1273 1491 1347 anxietatis,
1502 1270 1646 1332 atmode-

67 1373 142 1428 terea
154 1367 327 1448 impediunt
335 1368 434 1428 multa
447 1367 529 1428 boue
538 1385 642 1446 opera,
657 1364 826 1444 prodigunt
875 1369 950 1426 ratae
963 1366 1160 1442 turbationis,
1172 1384 1266 1446 quam
1276 1363 1644 1445 Deusperconseieutiam

67 1465 179 1540 tempus
191 1462 308 1536 multis,
325 1461 422 1536 vanu,
438 1477 474 1520 ac
487 1458 647 1520 inutilibus
666 1457 824 1535 cogitatio·
876 1457 1106 1519 remordentem
1132 1459 1240 1537 injicit,
1266 1464 1372 1537 estque
1400 1457 1501 1536 reipsa
1520 1455 1647 1516 actualis

67 1552 159 1628 nibus,
174 1557 232 1614 ete.
259 1627 264 1638 ·
875 1554 975 1628 gratia
989 1552 1053 1626 Dei,
1065 1571 1134 1630 qua
1148 1551 1217 1611 ideo
1231 1551 1347 1622 turbat,
1359 1551 1431 1629 quia
1441 1549 1646 1610 esteontraria

6 1645 48 1706 na
103 1644 136 1720 O.
163 1647 211 1706 10.
237 1641 424 1720 Ouandoaom
443 1643 556 1724 aliquia
572 1640 713 1722 judicari
728 1639 826 1701 debeat
875 1643 998 1703 affectui
1012 1644 1235 1724 peccaminoso,
1253 1661 1346 1722 quem
1358 1643 1452 1703 homo
1466 1641 1559 1721 paulo
1574 1645 1646 1702 ante

66 1735 261 1815 capsum:
277 1738 318 1797 R.
876 1735 996 1811 habuit,
1012 1741 1067 1796 aut
1079 1735 1157 1796 forte
1167 1737 1337 1798 etiamnum
1348 1734 1453 1794 hahet.

101 1830 126 1904 1.
141 1832 169 1890 1.
185 1829 321 1891 Maxima
332 1829 382 1890 hic
391 1825 664 1906 circumspectione
677 1830 724 1885 cst
736 1843 824 1904 opus,
915 1829 943 1907 §.
961 1832 990 1888 1.
1007 1830 1109 1903 Exeo,
1121 1828 1323 1908 quodaliquis
1333 1827 1462 1901 dubitat,
1474 1843 1515 1884 an
1526 1825 1559 1884 in
1570 1825 1642 1901 hoc,
1670 1851 1725 1911 521

66 1939 132 1982 nam
156 1921 249 1983 alicui
272 1939 353 2000 saepe
377 1925 525 2000 putantur
558 1935 622 1980 asse
643 1917 824 1996 scrupulosi,
875 1920 925 1980 rel
951 1921 1004 1980 illo
1027 1921 1168 1999 peccarit,
1194 1939 1257 1980 non
1282 1925 1383 1999 potest
1396 1935 1517 1996 semper
1529 1917 1643 1996 colligi,

66 2013 112 2091 qui
125 2033 188 2074 non
201 2018 293 2074 sunt:
309 2011 487 2092 Scrupulosz'
498 2029 562 2072 aere
572 2009 641 2070 tales
649 2009 830 2088 poeaeuaimi
876 2014 959 2092 quod
983 2013 1021 2072 sit
1044 2013 1253 2092 scrupulosus,
1282 2013 1354 2091 quia
1368 2011 1498 2073 dubium
1517 2013 1547 2070 et
1560 2027 1644 2070 scru-

65 2112 135 2180 auat,
151 2103 253 2184 inquit
263 2104 339 2164 Eliz.
356 2103 379 2164 l.
393 2107 423 2166 8.
439 2123 488 2184 qu.
507 2104 553 2163 l'l.
569 2101 597 2179 ξ.
614 2104 642 2162 3.
658 2097 707 2160 aed
718 2100 827 2160 stultus
876 2106 972 2183 pulus,
982 2106 1071 2166 valde
1093 2106 1345 2182 distinguuntur:
1366 2121 1438 2164 nam
1458 2101 1588 2162 dubium
1602 2109 1647 2163 est

66 2195 180 2258 nundus
199 2197 337 2258 timorem
354 2194 478 2256 Domini
499 2192 652 2274 scrupulos
677 2201 769 2267 carot,
799 2201 827 2252 et
876 2197 1036 2276 suspensio
1058 2197 1178 2276 judicii,
1202 2215 1272 2276 quaa
1295 2198 1321 2257 si
1343 2195 1397 2256 fiat
1415 2213 1453 2255 ex
1471 2193 1647 2254 rationabili

65 2289 241 2350 maurentius
264 2287 415 2364 suanam:
438 2305 454 2348 a
478 2292 585 2348 contra
606 2291 712 2348 umen
733 2286 827 2364 aliqui
876 2291 1004 2364 motivo,
1028 2295 1073 2349 est
1094 2290 1248 2368 prudens;
1269 2289 1343 2349 hinc
1356 2305 1436 2367 saepe
1450 2286 1516 2346 ficri
1531 2291 1643 2366 potest,

66 2388 131 2442 sont
144 2381 332 2461 scrupulosi,
345 2385 376 2442 et
389 2399 453 2440 non
464 2384 613 2459 putantur
624 2397 700 2440 csse.
876 2381 1027 2460 utaliquis
1035 2381 1165 2448 dubitet,
1178 2382 1349 2460 peccaritne
1357 2380 1527 2441 mortaliter
1536 2397 1645 2454 necne,

5 2473 46 2532 515
99 2474 124 2552 §.
139 2475 167 2535 1.
179 2475 231 2534 An
240 2473 361 2552 aliquia
373 2472 428 2552 qui
437 2470 624 2534 meticulosae
633 2470 826 2531 conscientiae
876 2475 961 2554 quod
974 2474 1158 2553 plerumque
1173 2473 1325 2552 contingit
1338 2473 1409 2544 illis,
1426 2472 1480 2550 qui
1492 2472 1543 2532 vel
1557 2473 1646 2551 igno-

65 2573 114 2640 est,
129 2567 166 2626 sit
179 2565 392 2645 scrupulosus,
408 2582 516 2640 necne,
533 2563 828 2640 communitarjudi-
876 2571 979 2626 rantes
998 2570 1080 2640 sunt,
1102 2566 1151 2626 val
1171 2583 1234 2626 non
1257 2565 1329 2625 satis
1347 2564 1513 2625 attendunt
1525 2565 1565 2624 ad
1577 2583 1648 2626 suas

64 2677 126 2720 care
134 2677 199 2720 non
212 2661 314 2737 potest
320 2656 522 2718 meticulosus
531 2657 607 2735 ipsa,
615 2655 827 2733 sedjudicium
876 2658 1074 2732 intentiones,
1098 2664 1128 2718 et
1148 2657 1293 2732 affectus;
1308 2662 1415 2718 contra
1427 2656 1591 2735 scrupulus
1603 2664 1649 2717 ast

63 2749 185 2829 relinqui
199 2749 294 2812 debet
308 2749 375 2810 viro
388 2749 490 2824 docto,
505 2748 613 2829 probo,
626 2766 661 2807 ac
669 2747 825 2826 prudenti,
877 2757 1000 2812 tantum
1026 2750 1127 2811 inanis
1151 2750 1367 2830 apprehensio,
1397 2755 1429 2810 et
1450 2751 1518 2809 sine
1535 2747 1646 2810 fiands-

64 2843 112 2920 qui
128 2843 160 2904 in
181 2842 350 2904 uenandis
373 2841 567 2904 conscientiis
580 2840 717 2918 aliquam
735 2857 826 2918 expe·
877 2849 983 2904 mento
997 2847 1161 2922 conceptam
1174 2844 1269 2904 timor
1277 2843 1404 2922 peccati,
1416 2841 1471 2902 ubi
1489 2847 1648 2920 peceatum

64 2935 198 2996 dentiam
225 2935 360 3008 heheat;
383 2934 457 2994 tales
479 2933 564 2994 enim
585 2931 755 2992 meticulosi
773 2949 828 3011 per
877 2940 1008 3010 nonest,
1023 2954 1062 2995 ar
1075 2936 1242 3014 quostiam
1255 2941 1349 3014 petat,
1366 2935 1392 2994 si
1405 2934 1476 3013 quis
1489 2949 1545 3013 per
1558 2951 1647 2995 erro·

64 3045 128 3088 auos
151 3028 323 3088 annotatas
350 3026 528 3100 turbantur,
551 3025 730 3102 quominus
747 3029 828 3084 recte
877 3045 944 3089 rem
955 3027 1072 3107 judicet
1085 3027 1201 3107 aliquid
1215 3045 1280 3089 esse
1297 3033 1468 3108 peccatum,
1481 3027 1565 3105 quod
1577 3043 1647 3106 pao-

61 3119 203 3197 judicent,
221 3117 358 3180 maxime
371 3119 405 3178 in
417 3117 510 3178 rebus
518 3117 662 3196 propriis,
673 3119 706 3177 in
716 3117 829 3196 quibus
879 3131 985 3183 catum
998 3139 1063 3180 nou
1086 3125 1141 3196 est,
1158 3121 1217 3180 hoo
1230 3138 1296 3182 non
1307 3137 1371 3182 essa
1387 3119 1579 3198 scrupulum,
1595 3120 1646 3180 sed

64 3211 196 3274 homines
210 3213 347 3272 maxime
362 3211 536 3282 caecutiunt,
553 3209 636 3268 unde
650 3209 752 3287 potius
763 3227 827 3270 ere·
878 3211 1095 3274 conscientiam
1111 3229 1284 3288 erroneam,
1304 3217 1519 3290 contraquam
1534 3211 1560 3271 si
1574 3229 1647 3292 opa-

64 3303 129 3366 dere
154 3304 249 3366 debet
275 3303 375 3370 alteri.
404 3303 455 3364 cni
482 3300 702 3362 corrscicutiam
727 3319 826 3378 suam,
878 3309 975 3378 ratur,
991 3309 1106 3383 pacem.

64 3395 248 3474 modumque
261 3394 412 3474 operandi
425 3394 544 3454 sincere
558 3392 688 3472 aperuit.
919 3397 946 3475 ᾗ.
963 3399 993 3458 8.
1016 3396 1075 3471 Qui
1099 3397 1132 3457 in
1150 3415 1214 3456 uno
1236 3401 1371 3469 tantum,
1394 3394 1443 3456 vel
1459 3396 1555 3458 altero
1577 3412 1649 3458 casu
1673 3413 1733 3474 522

4 3483 45 3544 511
98 3487 125 3565 5.
152 3487 182 3548 3.
211 3487 275 3546 Vix
299 3491 398 3565 potest
424 3485 535 3564 aliqrris
557 3484 698 3562 judicare
725 3484 830 3545 statim
880 3495 1074 3550 transeunter
1085 3489 1179 3549 habet
1191 3487 1382 3566 campulum,
1401 3505 1466 3548 non
1480 3494 1580 3567 potest
1590 3487 1649 3549 dici

65 3579 167 3656 pnma,
196 3583 254 3638 aut
280 3577 415 3638 secunda
441 3577 518 3644 vice,
549 3576 673 3654 quando
695 3575 828 3636 alterum
878 3581 1088 3660 scrupulosus,
1106 3581 1165 3641 hoc
1184 3583 1268 3641 enim
1291 3597 1408 3640 nomen
1430 3579 1647 3659 frequentiam,

65 3669 259 3731 confitentem
273 3670 370 3744 audit,
388 3687 429 3728 an
444 3669 484 3728 sit
499 3668 697 3746 scrupulosus
717 3685 826 3740 necne,
879 3693 933 3734 sau
948 3673 1088 3733 habitum
1110 3672 1250 3746 denotat;
1267 3671 1314 3732 uti
1334 3689 1399 3732 non
1412 3672 1525 3732 dicitur
1545 3672 1649 3733 ebrio-

65 3763 131 3839 quie
151 3761 295 3840 wamiis
317 3761 428 3839 aliquis
449 3759 636 3838 quandoque
657 3760 697 3818 sit
718 3759 829 3820 annus
880 3785 943 3833 ans,
960 3763 1517 3844 quisemal,autitcn1mluitebrius,
1533 3764 1649 3843 sedqui

66 3854 140 3916 circo
161 3853 272 3928 multa,
297 3853 375 3914 forte
394 3853 487 3931 jusu,
518 3857 549 3913 et
574 3851 762 3912 rationabilia
784 3858 830 3912 est
879 3857 999 3918 scletsa
1013 3856 1200 3916 inebrierare
1218 3856 1319 3915 :unda
1332 3873 1389 3916 nec
1402 3855 1472 3916 talis
1483 3855 1529 3916 uti
1539 3855 1652 3935 poterit

68 3947 211 4008 mxietas.
879 3949 1046 4029 privilegiis
1059 3948 1322 4026 scrupulosorum,
1335 3947 1474 4008 utirecte
1487 3947 1600 4010 Stant.
1617 3951 1647 4008 1.

4 4043 47 4104 aa
99 4038 125 4118 ἓ.
142 4041 172 4100 1.
189 4036 321 4105 Quando
333 4035 486 4116 poenitans
499 4041 544 4094 est
557 4034 713 4108 sollicituS,
726 4033 791 4094 imo
798 4040 829 4094 at
874 4061 911 4122 p,
928 4043 958 4102 5,
974 4061 1056 4101 nam.
1072 4042 1140 4100 176.

66 4132 218 4192 moderate
242 4129 362 4202 anxius,
391 4145 430 4188 ne
459 4130 573 4200 Deum,
602 4127 652 4188 vel
677 4125 828 4186 levissime
919 4134 947 4211 ᾗ.
963 4134 992 4192 9.
1013 4131 1115 4210 Aliqui
1124 4134 1197 4191 sunt
1206 4128 1378 4207 scrupulosi
1392 4127 1473 4188 circa
1482 4127 1649 4217 preterita,
1675 4149 1734 4211 523

66 4224 207 4300 attondat,
223 4227 278 4282 aut
297 4226 333 4281 ut
349 4221 453 4282 statim
471 4220 594 4299 culpam
607 4220 751 4298 deponat,
764 4237 828 4278 non
879 4226 931 4288 alii
945 4224 1024 4286 circs
1037 4223 1202 4302 praesentia
1219 4240 1226 4282 :
1242 4220 1438 4300 scrupulosus
1450 4221 1531 4281 circa
1544 4229 1652 4302 prate-

65 4314 234 4376 dehatideo
246 4313 379 4392 judicari
394 4311 829 4391 scrupulosus,justaenimet
878 4319 938 4379 rita
961 4321 1007 4377 est
1033 4316 1096 4390 illa,
1121 4315 1268 4394 quicum
1293 4313 1443 4374 morulam
1459 4311 1652 4392 diligentiam

66 4407 196 4484 prudens
219 4410 265 4468 est
292 4423 366 4466 eura
391 4403 455 4480 illa,
480 4423 520 4464 ne
548 4405 629 4464 Deus
649 4403 684 4462 iu
698 4403 828 4462 minimo
878 4408 1056 4470 adhibuerit
1074 4407 1108 4467 iu
1123 4405 1350 4478 examinandis,
1360 4411 1395 4480 ,at
1408 4405 1606 4484 detestandis,
1621 4415 1652 4468 at

66 4499 246 4574 offendatur,
275 4503 306 4560 et
333 4502 369 4556 ut
394 4495 511 4558 offensa
539 4495 730 4575 deponatur3
756 4495 829 4556 hino
879 4500 1061 4562 confitendis
1077 4499 1252 4579 praeteritis,
1270 4497 1474 4558 nihilominus
1495 4498 1647 4579 sinepru-

66 4589 194 4670 legimus
202 4591 240 4652 dc
250 4591 325 4652 viris
336 4589 473 4664 Sanctis,·
483 4588 567 4666 quod
575 4588 723 4668 quotidie,
735 4605 830 4666 quau·
879 4594 964 4654 denti
983 4593 1099 4653 motivo
1112 4591 1258 4652 continuo
1267 4591 1366 4666 timet,
1377 4609 1418 4650 an
1431 4591 1502 4662 hoc,
1514 4591 1563 4651 val
1572 4592 1650 4652 illud

67 4683 162 4763 doque
176 4683 215 4744 de
228 4683 277 4743 die
290 4682 339 4742 bis
352 4680 480 4742 confessi
493 4680 562 4740 sint·
879 4687 973 4746 etiam
987 4704 1051 4746 non
1064 4683 1180 4758 facerit,
1195 4703 1235 4743 an
1255 4695 1338 4743 recte
1357 4683 1501 4758 doluerit,
1517 4701 1558 4744 an
1577 4685 1650 4746 satis

4 4769 47 4832 519
103 4775 128 4853 5.
145 4777 175 4836 5.
194 4775 253 4842 Qui
266 4778 336 4854 post
349 4773 445 4832 vitam
460 4773 493 4840 in
507 4771 830 4850 magnispeccatisdiu
879 4779 1034 4839 confessus
1042 4778 1091 4850 sit,
1107 4782 1164 4837 etc.
1178 4775 1382 4854 Scrupulosus
1394 4777 1473 4835 circa
1486 4775 1650 4854 praesentia

68 4867 234 4928 caducum
269 4871 441 4944 anguntiu,
476 4863 596 4942 sibique
625 4865 718 4924 etiam
750 4865 830 4925 intra
880 4875 934 4943 est,
965 4870 1020 4949 qui
1046 4887 1117 4929 cum
1144 4869 1309 4928 deliberate
1337 4885 1401 4928 non
1419 4868 1590 4928 consentiat
1615 4869 1650 4929 in

67 4959 217 5020 mediocre
230 4963 364 5036 tempus,
375 4977 406 5018 v.
417 4975 448 5036 g.
464 4955 548 5016 intra
562 4957 699 5017 medium
712 4975 832 5018 annum
880 4967 1012 5043 paccata,
1038 4967 1142 5022 umen
1165 4961 1281 5040 nhiqna
1304 4963 1403 5036 timet,
1421 4977 1462 5019 ne
1481 4959 1550 5034 hoc,
1566 4961 1651 5038 qual

68 5065 226 5129 nunquam
259 5049 404 5110 videntur
436 5047 617 5124 satisfacere,
653 5048 707 5108 sed
734 5050 832 5128 magis
880 5056 978 5116 tacere
988 5053 1065 5130 vult,
1080 5054 1119 5114 sit
1133 5060 1303 5133 peccatum,
1324 5053 1393 5114 ldeo
1411 5049 1526 5130 ubique
1539 5051 1648 5128 haerat,

68 5143 204 5204 ffissfileri
228 5142 348 5214 Volunt,
375 5147 406 5202 θῒ
432 5141 587 5220 preaterii&
609 5141 744 5219 expiare,
768 5160 832 5202 non
881 5145 1649 5226 atseipsumvanisapprehensionibnspeccatorum

68 5248 186 5310 semper
195 5230 351 5310 judicandi
362 5235 434 5290 sunt
448 5229 629 5306 scrupulosi,
644 5229 717 5308 quia
726 5230 829 5306 timor,
881 5240 1047 5313 excruciat,
1058 5240 1083 5298 si
1098 5239 1213 5317 aliquid
1221 5239 1327 5317 egerit.

70 5327 98 5382 et
110 5341 183 5382 cura
204 5321 256 5382 illa
276 5337 356 5401 saepe
375 5327 420 5382 est
438 5321 584 5400 prudens,
601 5340 636 5382 ac
650 5323 830 5398 necessaria,
920 5331 1336 5409 5,10,Siquissitanxius,
1361 5335 1392 5390 et
1409 5331 1544 5410 seipsum
1557 5329 1651 5390 inter-
1674 5335 1734 5396 524

70 5419 134 5474 111111
156 5415 196 5474 Ed
214 5413 410 5492 recogitanda
430 5432 487 5494 pro
511 5413 709 5474 Confessione
727 5415 833 5475 omnia
881 5429 980 5500 roget,
996 5441 1065 5501 quoe
1085 5423 1110 5482 si
1133 5441 1222 5484 causa
1246 5439 1309 5482 suae
1323 5422 1495 5492 anxietatis,
1519 5425 1650 5501 tumque

71 5513 200 5582 peccam
226 5523 296 5584 quoe
325 5505 444 5567 1101111111
471 5505 578 5565 salutis
605 5505 724 5566 incutio
747 5505 833 5567 facile²
883 5515 1006 5574 nullum
1030 5532 1155 5574 camum
1189 5515 1405 5576 rationabilem
1435 5515 1507 5576 dare
1541 5515 1648 5594 possit,

75 5598 235 5657 excidunt:
256 5603 323 5656 tum
342 5599 382 5658 acl
403 5597 613 5676 cogitationes,
634 5607 665 5656 et
680 5597 833 5660 affectusa
887 5607 1012 5684 signum
1025 5607 1152 5684 estangi
1167 5607 1322 5686 semipulo,
1342 5607 1389 5666 uti
1404 5613 1434 5666 et
1446 5612 1526 5678 tum,
1546 5606 1571 5666 si
1584 5605 1648 5682 illa,
