3964 6348
656 399 705 463 DE
725 397 990 463 CONSCIENTIA.
1564 405 1622 465 305

43 568 90 647 qui
109 565 241 628 maxime
254 567 374 628 vitandi
388 574 483 644 sunt;
506 573 537 629 et
549 567 574 630 si
591 573 693 646 potest
713 585 803 628 sanas
851 566 937 640 sciat,
964 585 1005 626 an
1028 584 1118 628 voces
1142 565 1318 645 significent
1331 565 1475 628 haeresim
1507 584 1622 643 necue;

43 657 143 720 herbas
164 678 236 720 cum
258 660 347 730 libris
365 661 537 738 ostendere,
562 679 696 722 amnon
709 660 802 721 etiam
852 675 925 736 ergo
947 656 972 718 si
1002 657 1203 719 infallibiliter
1229 658 1363 720 declaret
1396 676 1522 720 sensum
1561 677 1625 721 esse

42 752 140 812 noxias
160 770 233 813 cum
253 752 360 814 libris?
388 755 418 814 5.
443 753 560 815 Eadem
585 752 802 814 infallibilitate
852 749 1044 826 haereticum,
1072 751 1195 830 scitper
1212 768 1304 812 voees
1329 750 1502 830 significare
1524 751 1624 813 heere-

41 848 131 924 potest
143 844 224 925 Papa
234 845 388 908 declarare
402 863 528 908 sensum
540 845 635 908 totius
641 845 724 921 libri,
741 863 803 924 qua
853 841 923 918 sim,
940 843 1077 922 adeoque
1090 843 1157 916 scit,
1174 845 1243 924 quis
1257 843 1295 904 sit
1310 861 1427 905 sensus.
1452 841 1537 905 Cone.
1551 861 1625 905 nam

40 936 185 998 declarare
199 942 299 1017 potest
317 957 443 1000 sensum
462 938 595 1018 cujusvis
617 938 802 1018 propositio·
853 933 878 994 si
892 935 992 995 ludex
1002 953 1066 996 non
1079 933 1295 997 sitinfallibilis
1308 937 1341 997 in
1350 936 1530 1015 judicando,
1542 938 1626 1016 quod

38 1029 81 1089 nis
93 1048 129 1089 ex
146 1029 228 1090 libro
250 1031 433 1112 desumptae,
455 1033 507 1093 sed
532 1049 657 1094 sensum
671 1031 804 1110 cujusvis
852 1024 904 1087 hic
917 1027 1012 1088 homo
1024 1028 1064 1088 sit
1078 1046 1161 1106 reus,
1177 1047 1242 1089 nou
1256 1033 1356 1108 potest
1380 1046 1446 1091 esse
1460 1028 1626 1091 infallibilis

38 1122 300 1201 pmpositionisex
310 1124 392 1184 libro
409 1124 579 1206 desumptae
593 1122 804 1204 potestdecla·
853 1118 886 1178 in
913 1119 1103 1199 imponenda
1129 1121 1174 1182 illi
1210 1123 1279 1190 hac,
1306 1121 1356 1182 rel
1380 1121 1438 1182 ista
1463 1141 1571 1201 poena:
1601 1123 1627 1184 si

37 1231 99 1274 rare
121 1233 186 1276 csse
211 1217 432 1290 orthodoxum,
454 1218 504 1280 vel
527 1218 720 1292 haereticum,
742 1221 800 1277 etc.
852 1211 988 1273 Medicus
1003 1231 1067 1273 non
1082 1213 1120 1274 sit
1138 1213 1306 1275 infallibilis
1319 1213 1353 1274 in
1374 1213 1542 1292 judicando
1563 1235 1625 1295 quo

38 1322 103 1382 crgo
116 1307 209 1370 etiam
227 1309 323 1370 totius
341 1309 423 1370 libri.
446 1311 520 1371 Min.
544 1310 719 1371 concedunt
745 1309 805 1370 Ad·
853 1303 963 1366 morbo
982 1303 1101 1366 laboret
1125 1306 1230 1379 homo,
1247 1325 1312 1367 non
1326 1312 1425 1386 potest
1439 1325 1504 1368 esse
1515 1307 1627 1368 infalli-

38 1399 172 1460 rcrsarii:
191 1399 292 1480 Major
309 1402 402 1463 etium
423 1408 517 1483 patet,
544 1405 617 1482 quia
630 1408 713 1463 totus
726 1402 804 1462 liber
853 1397 922 1457 hilis
948 1397 982 1458 in
1012 1397 1192 1478 judicando,
1220 1399 1319 1479 qualis
1347 1400 1550 1462 determinate
1579 1400 1625 1462 illi

38 1511 94 1552 non
109 1499 180 1554 sunt
194 1493 257 1554 nisi
278 1495 502 1574 propositiones
516 1495 665 1576 singulee3
688 1496 751 1555 imo
765 1513 804 1556 ex
852 1488 992 1550 adhiberi
1006 1490 1116 1555 debeat
1127 1492 1299 1568 medicina3
1320 1511 1394 1572 ergo
1408 1493 1549 1556 similiter
1561 1492 1621 1555 hic.

37 1589 94 1644 toto
124 1585 216 1660 libro,
251 1588 304 1666 qui
333 1593 472 1648 menmm
497 1588 637 1649 Auctoris
662 1587 804 1667 pluribus
855 1581 967 1643 Contra
982 1584 1060 1643 esti
1077 1584 1127 1645 sel
1154 1585 1337 1646 Jansenistce
1358 1585 1470 1663 sciunt,
1486 1586 1563 1668 'pais
1585 1587 1626 1648 sit

39 1679 182 1758 proponit,
206 1679 329 1741 facilius
340 1680 522 1760 intelligitur
531 1697 649 1754 sensus,
661 1697 756 1760 quam
766 1699 803 1742 ex
851 1693 946 1736 nosne
962 1675 1100 1756 quinque
1124 1679 1369 1759 propositionum
1395 1680 1623 1748 damnatarum,

39 1769 114 1832 brevi
126 1772 231 1852 aliqua
245 1773 467 1852 propositione,
478 1793 561 1853 ergo.
580 1773 668 1854 Cons.
686 1776 712 1834 l.
730 1791 803 1834 nam
853 1767 902 1828 rel
915 1769 1103 1830 nansciunt:
1120 1770 1145 1830 si
1159 1788 1224 1830 nou
1235 1771 1348 1844 scium,
1366 1771 1523 1852 quomodo
1537 1771 1627 1834 fateri

40 1863 158 1924 Ecclesia
175 1883 244 1926 non
258 1866 371 1927 erravit
385 1867 418 1926 in
437 1865 655 1946 intelligendis,
672 1871 701 1927 et
716 1867 802 1927 dam-
853 1865 1054 1938 possuntesse
1067 1861 1243 1924 haereticasl
1260 1863 1292 1924 Si
1306 1862 1417 1936 sciunt,
1432 1881 1506 1940 argo
1526 1865 1626 1926 multo

40 1955 138 2016 nmdis
159 1956 249 2018 libris
274 1955 557 2040 Nestorir',l³efapii,
586 1957 726 2033 Latiari,
746 1967 801 2020 ete.
853 1952 951 2030 magis
971 1953 1044 2014 sciet
1067 1953 1210 2033 Ecclesia,
1226 1961 1257 2016 et
1271 1955 1494 2036 consequenter
1520 1958 1628 2020 lanse-

41 2048 335 2127 ergoneaJasnenii.
355 2050 445 2130 Cosas.
460 2053 489 2112 s,
506 2069 591 2112 nam,
607 2051 804 2113 lamentasse
854 2044 940 2106 nistae
956 2046 1050 2107 etiam
1077 2046 1189 2125 sciunt,
1219 2067 1312 2128 quem
1339 2067 1464 2112 sensum
1492 2051 1627 2113 Ecclesia

40 2146 163 2202 etsuam
177 2142 297 2203 librum
317 2142 459 2206 submisit
473 2143 619 2218 examini,
644 2143 804 2222 sejudicio
853 2137 970 2199 tribuat
993 2139 1131 2200 Janscnii
1164 2143 1434 2222 propositionibus,
1471 2148 1503 2204 et
1532 2143 1624 2221 libro,

40 2235 178 2311 Ecclesiae,
199 2243 232 2296 nt
254 2233 333 2296 iliad
347 2235 416 2317 jorn
438 2244 561 2310 teneam,
582 2235 609 2296 si
624 2235 776 2297 tenendum
792 2256 804 2298 .·
854 2249 928 2292 nam
954 2231 1064 2293 tribuit
1090 2250 1215 2294 messim
1242 2234 1433 2312 haereticum,
1455 2240 1485 2296 et
1499 2235 1626 2298 damua-

40 2345 165 2402 returem,
186 2329 216 2390 ai
231 2327 445 2398 reuocandum:
464 2327 608 2402 damnem,
631 2335 660 2388 et
681 2325 803 2390 anafie-
853 2328 931 2398 tum,
944 2341 979 2384 ac
993 2324 1115 2385 ntdlum
1129 2325 1235 2386 alium
1511 2325 1517 2332 '

41 2421 172 2494 nenium,
186 2419 436 2499 sidarnnondanr,
456 2418 803 2484 &anathematizandam
894 2414 1075 2496 Respondent
1097 2419 1127 2478 1.
1156 2418 1271 2480 Saltem
1284 2420 1385 2498 quoad
1395 2418 1532 2498 juratam
1556 2422 1626 2483 sub·

40 2531 87 2572 nse
91 2512 341 2593 judicaoar·it,etc.
357 2515 400 2575 uti
408 2512 805 2594 habetinEpilogo,etcon·
853 2508 1052 2588 scriptionem
1082 2509 1254 2572 formularii
1281 2512 1320 2572 ab
1355 2513 1443 2573 Alex.
1471 2513 1529 2574 VII
1550 2533 1628 2594 prse-

41 2603 132 2666 lirmat
141 2607 172 2666 in
180 2611 369 2668 testamento
379 2625 436 2669 suo
448 2626 456 2683 ;
467 2623 541 2685 ergo
562 2605 803 2684 agnovitEecle-
852 2600 956 2680 scripti
968 2601 1100 2662 sufficiet
1117 2603 1296 2682 promittere
1310 2603 1528 2684 obsequiosum
1536 2607 1627 2668 silen-

40 2696 201 2777 siamposse
217 2697 406 2777 intelligere,
420 2699 599 2777 etjudicare
614 2698 652 2758 de
665 2697 740 2758 libri
756 2697 803 2758 sui
852 2693 942 2770 tium,
969 2694 1042 2772 quia
1075 2694 1214 2775 plerique
1248 2697 1476 2776 conlegerunt
1509 2697 1624 2760 librum

40 2789 800 2870 sensu;ergoidemagnosceredebentJonsenistm.t
852 2785 1007 2860 Jansenii3
1023 2804 1096 2864 crgo
1110 2805 1168 2848 nec
1183 2787 1289 2865 jurare
1304 2795 1433 2868 possunt
1453 2791 1531 2870 circa
1555 2810 1625 2852 sen-

73 2880 251 2962 Respondent
276 2884 304 2942 1.
329 2883 391 2944 Nec
412 2884 539 2964 Papam,
557 2901 615 2944 nec
637 2883 802 2944 Ecclesiam
852 2895 921 2938 sum
948 2897 967 2938 a
990 2879 1137 2940 dansenio
1170 2898 1225 2959 per
1251 2882 1476 2960 propositiones
1501 2902 1517 2944 e
1546 2882 1626 2945 libro

40 2991 117 3052 posse
129 2973 219 3050 scire,
244 2993 339 3054 quem
357 2993 481 3036 sensum
497 2975 529 3036 in
542 2980 646 3036 mente
659 2975 804 3038 habuerit
852 2976 1008 3050 excerptas
1033 2971 1198 3033 intentum.
1224 2971 1335 3034 Cornea
1363 2980 1419 3052 est,
1431 2993 1504 3036 nam
1526 2976 1622 3038 Clem.

39 3063 192 3127 fauentes.
210 3065 327 3129 Contra
341 3073 397 3144 est,
413 3085 513 3147 neque
523 3086 580 3128 nos
590 3067 650 3128 hoc
659 3068 800 3144 dicimus,
852 3064 895 3123 XI
918 3081 973 3143 per
1000 3055 1265 3126 constitutionum
1287 3085 1318 3126 11.
1349 3068 1409 3129 210
1431 3067 1626 3130 referendam

40 3157 158 3219 &alesia
178 3157 268 3220 enim
292 3177 357 3220 non
373 3159 531 3220 damnavit
545 3177 709 3238 personam
725 3161 801 3221 Jan-
852 3155 986 3216 declarat
1008 3155 1227 3234 obedientiam,
1253 3171 1322 3238 quse
1346 3159 1625 3222 constitutionibus

39 3249 104 3310 senii
124 3251 210 3312 velut
231 3251 426 3323 haereticam,
456 3253 509 3314 sed
533 3251 670 3312 librum:
700 3271 802 3333 neque
852 3248 1047 3326 Pontificum,
1068 3256 1099 3311 et
1122 3249 1302 3312 formulario
1325 3252 1465 3330 debetur,
1487 3254 1625 3314 nonim-

40 3343 158 3405 Feclesie
182 3343 354 3404 declaravit
377 3345 552 3405 Janscaiam
573 3344 606 3404 in
630 3351 736 3406 mente
750 3347 803 3407 ha·
850 3341 929 3421 pleri
939 3341 1121 3420 obsequiosa
1136 3342 1268 3419 silentio,
1281 3345 1334 3404 sed
1347 3345 1458 3406 debere
1472 3345 1505 3406 in
1518 3346 1625 3408 animo

40 3431 128 3497 tuse
142 3435 240 3497 talem
256 3453 394 3514 sensum,
413 3438 466 3497 sed
490 3441 613 3497 tantum
636 3436 802 3498 declararit
850 3433 993 3495 damnari
1008 3435 1125 3511 omnia,
1139 3441 1232 3515 prout
1239 3436 1385 3498 damnata
1396 3442 1471 3498 sunt
1483 3439 1517 3499 in
1530 3456 1624 3499 sensu

39 3525 111 3590 hune
122 3547 186 3591 esse
201 3546 330 3590 sensum
343 3528 480 3606 obvium,
502 3547 597 3608 quem
615 3529 708 3591 serbo
726 3529 800 3592 Jan-
851 3524 1016 3589 alenconio
1029 3531 1162 3606 intento,
1178 3533 1209 3590 et
1228 3528 1315 3589 addit
1336 3529 1409 3591 huic
1431 3530 1624 3592 damnationi

40 3621 102 3680 nnii
113 3639 177 3702 prae
193 3640 227 3683 se
242 3621 357 3683 ferunt.
850 3619 1150 3700 cordepraebendum
1163 3639 1227 3683 esse
1239 3639 1397 3684 assensum
1411 3621 1435 3684 ⁶.
1447 3621 1509 3684 Nec
1518 3623 1622 3701 obstat,

72 3712 249 3794 Respondeat
262 3715 291 3775 1.
309 3713 476 3774 Ecclesiam
490 3732 554 3775 non
567 3714 801 3777 consensissem
850 3712 934 3790 quod
948 3730 1012 3772 non
1034 3713 1145 3793 legeris
1160 3714 1298 3776 iansanii
1322 3715 1449 3792 librum,
1476 3732 1551 3776 nem
1561 3718 1625 3777 'nec

40 3802 318 3866 condemnationem
340 3821 447 3864 sensus
475 3803 663 3866 lanseniani.
688 3805 801 3868 Contra
849 3799 1064 3861 hereticorum
1079 3800 1175 3863 libros
1190 3802 1301 3881 legisti,
1318 3820 1396 3882 quos
1410 3802 1555 3863 damnas:
1568 3821 1625 3866 neo

41 3901 87 3970 est,
112 3899 123 3956 1
154 3913 230 3958 nam
259 3895 383 3956 decreta
403 3895 591 3958 Pontificum
619 3896 698 3958 circa
716 3897 801 3960 hune
849 3893 928 3954 forte
950 3893 1052 3972 legisti
1071 3912 1179 3955 omnes
1194 3895 1334 3956 Canopos
1350 3894 1570 3970 Conciliorum,
1592 3902 1623 3956 et

41 4002 149 4048 mum
171 3986 307 4048 admissa
328 3993 401 4048 sunt
428 4007 446 4048 a
478 3993 543 4049 tota
568 3989 714 4066 Ecclesia,
743 4008 801 4051 nec
849 3986 1032 4062 Tridentini,
1069 3991 1099 4047 et
1125 3992 1232 4048 tamen
1262 3986 1296 4047 in
1330 3987 1516 4066 professione
1550 3989 1623 4050 fidei

41 4079 184 4142 audentse
207 4097 379 4160 opponere,
395 4079 454 4140 nisi
470 4080 550 4140 clam
572 4080 709 4142 nonnulli
736 4082 800 4142 ini·
845 4077 932 4155 juras
941 4079 1057 4156 omnia,
1074 4097 1143 4158 quae
1155 4079 1189 4139 in
1202 4079 1268 4140 istis
1281 4079 1407 4140 definita
1418 4085 1503 4142 sant:
1520 4080 1624 4161 itaque

40 4171 150 4250 quitatis
164 4170 245 4253 filit,
260 4171 307 4231 uti
316 4171 453 4250 loquitur
480 4172 630 4234 Alexand.
646 4173 719 4249 Vfl;
735 4191 800 4234 non
850 4172 922 4232 satis
950 4177 1006 4249 est,
1047 4172 1130 4251 quod
1166 4171 1302 4234 Ecclesia
1329 4178 1486 4252 positam
1518 4179 1622 4234 exacta

41 4261 114 4326 obest
125 4267 233 4326 autem
246 4263 472 4326 taleshominos
485 4283 671 4345 repugnare,
681 4265 799 4326 utinen
849 4265 993 4325 examina
1005 4263 1062 4324 tibi
1076 4269 1240 4344 proponat,
1262 4271 1354 4345 teque
1368 4266 1493 4328 edoceat
1509 4285 1625 4347 propo·

41 4353 115 4417 obest
125 4357 288 4418 haereticos
301 4375 475 4436 repugnare
487 4356 801 4418 decisionibusEccle-
848 4356 974 4418 sitiones
995 4356 1063 4417 illas
1086 4355 1237 4418 contineri
1261 4357 1294 4417 in
1316 4357 1395 4419 libro
1419 4356 1567 4436 Jonaenii,
1594 4364 1626 4421 et

1 4499 2 4524 2
41 4447 104 4510 sia:
132 4455 240 4529 estque
267 4448 368 4528 pudor
398 4449 588 4510 Jansenistas
611 4467 676 4511 esse
703 4449 801 4526 magis
847 4448 942 4510 talem
956 4467 1020 4510 esse
1034 4447 1157 4511 illarum
1170 4467 1294 4510 sensum
1317 4450 1444 4512 obvium
1459 4450 1624 4532 ideoquea

1 4539 2 4544 ’
41 4539 349 4603 sollicitosdehonore
371 4541 517 4617 Jonsent'i,
534 4561 629 4622 mam
643 4542 797 4616 Ecclesia,
848 4541 996 4602 Jansenio
1012 4541 1180 4603 intentum.

42 4638 67 4691 et
82 4635 276 4695 Pontificum.
295 4633 407 4696 Contra
421 4637 441 4694 2
454 4652 529 4694 nam
556 4635 800 4715 independenter
890 4633 1015 4716 Objr'ores
1026 4653 1037 4696 .·
1055 4633 1187 4696 Ecclesia
1205 4633 1239 4694 in
1264 4633 1356 4696 Cone.
1380 4633 1622 4699 Chalcedoneusi

41 4741 205 4788 cconmnsu
213 4725 354 4787 Ecclesia
361 4731 406 4787 est
412 4728 493 4806 Papa
503 4725 684 4806 infallibilis,
698 4727 799 4788 Eccle-
848 4727 989 4806 probarit
1002 4728 1113 4807 scripta
1126 4727 1321 4802 Theodoreti,
1334 4725 1410 4804 Ibae,
1426 4734 1457 4789 et
1470 4727 1625 4793 Theodori

41 4815 78 4876 sia
90 4819 170 4879 euim
183 4818 308 4880 debota
325 4819 406 4898 Papa
415 4818 518 4880 doceri
531 4825 561 4879 et
571 4838 635 4879 non
650 4838 666 4882 e
680 4826 797 4882 contra.
848 4821 1065 4900 lfopsuestcni,
1099 4825 1130 4881 et
1154 4825 1259 4881 tamen
1288 4825 1394 4899 postea
1416 4821 1451 4881 in
1479 4821 1571 4883 Conc.
1595 4819 1623 4882 V

75 4908 250 4992 Respondeat
263 4913 294 4972 3.
309 4909 426 4991 Papam
440 4929 504 4972 esse
515 4912 639 4992 quidem
651 4913 797 4974 infallibi-
849 4910 1189 4991 Constantinopolitano
1212 4912 1289 4972 dixit
1302 4912 1354 4972 illa
1368 4931 1433 4974 esse
1458 4913 1605 4976 haeretica
1612 4933 1621 4990 ;

41 4996 136 5062 femin
149 5002 344 5079 declarando,
368 5002 465 5084 qualis
478 5003 519 5064 sit
542 5023 637 5065 serens
650 5004 799 5085 proposi·
849 5021 923 5084 ergo
942 5003 1073 5065 Ecclesia
1100 5010 1228 5066 nonest
1250 5003 1419 5065 infallibilis
1445 5005 1480 5066 in
1508 5005 1623 5068 intelli-

44 5091 133 5168 tionis,
148 5095 284 5170 sellibri,
294 5095 346 5156 sed
360 5113 424 5156 non
433 5095 499 5176 qais
513 5096 553 5156 sit
567 5116 674 5158 sensns.
687 5096 799 5159 Contra
849 5097 951 5175 gendo
962 5115 1054 5158 sensu
1065 5096 1195 5176 alicujus
1204 5095 1285 5158 libri.
1304 5097 1340 5166 R,
1358 5099 1505 5177 Negando
1520 5101 1535 5159 1
1552 5117 1625 5179 par-

43 5189 108 5246 cstl
138 5189 232 5268 Papa,
256 5188 307 5249 sel
333 5187 426 5250 etiam
453 5188 585 5250 Ecclesia
611 5207 676 5250 non
702 5194 801 5269 potest
848 5193 977 5252 ternant.
997 5206 1071 5250 nam
1087 5193 1248 5270 postquam
1263 5190 1513 5251 Atsctorcsilliin
1527 5193 1622 5252 Cone.

45 5275 194 5350 declarare,
226 5280 324 5360 qualis
338 5280 376 5341 sit
399 5299 518 5358 sensus,
533 5282 592 5342 nisi
605 5282 692 5362 prius
712 5281 798 5358 sciat,
851 5282 991 5344 Chalced.
1023 5282 1225 5362 explicassent
1261 5299 1317 5343 sua
1340 5282 1452 5363 scripta
1481 5282 1624 5344 inbono

1 5430 2 5434 ,
46 5369 92 5447 ch
107 5372 144 5433 sit
155 5390 273 5448 sensate,
288 5391 317 5432 s.
334 5391 365 5451 g.
381 5373 537 5436 declarare
550 5393 616 5435 non
633 5379 744 5453 potest,
760 5392 801 5434 an
850 5391 952 5452 sensu,
971 5379 1002 5436 ct
1020 5375 1161 5436 detestati
1178 5371 1308 5435 fuissent
1337 5391 1458 5438 errores
1480 5376 1622 5454 Nestorii,
1645 5393 1652 5408 ·

47 5476 141 5524 nosris
165 5465 204 5525 sit
236 5464 410 5544 haereticus,
446 5466 495 5528 rel
531 5465 715 5541 Catholicae,
742 5465 802 5527 nisi
852 5467 986 5529 Ecclesia
1014 5468 1138 5529 illorum
1169 5483 1316 5546 personas
1344 5467 1460 5531 iterum
1487 5467 1622 5550 admisit,

193 5578 270 5638 Tou.
294 5577 316 5638 l.
1441 5587 1482 5646 20
