4200 6348
420 395 459 454 aa
1029 391 1138 455 LIBER
1161 394 1393 456 PRODROMUS

419 558 657 639 acquiescendum
675 561 795 622 censuit
809 561 1009 642 Augustinus,
1026 567 1060 623 ut
1076 563 1186 622 dixerit

419 671 450 711 se
481 654 645 731 Evangelio
677 674 741 715 non
771 655 862 716 fuisse
894 657 1093 730 crediturum,
1127 655 1187 716 nisi

420 745 559 805 Ecclenoe
586 746 747 807 Catholicae
771 748 985 810 intervenisset
1009 750 1184 809 auctoritas.

420 839 498 897 Nam
512 856 550 897 ex
564 838 679 899 eistlem
696 841 862 912 erroribus,
886 843 935 902 vel
953 861 1061 902 eorum
1083 843 1187 921 aliquo

419 931 469 990 vel
483 931 635 1009 aliquibus
654 933 756 1011 palam
776 935 924 1012 sequitur,
941 936 1071 995 eandem
1086 937 1186 998 Eccle-

420 1024 507 1094 siam,
529 1041 599 1102 quie
620 1024 735 1102 Spiritu
756 1032 862 1086 sancto
877 1016 1013 1106 'regitun
1033 1045 1136 1090 errare
1158 1039 1188 1090 et

420 1133 542 1193 semper
555 1134 681 1178 errasse.
701 1119 787 1192 Quod
801 1125 846 1179 est
857 1121 964 1200 utique
979 1125 1086 1181 contra
1099 1121 1186 1200 illud,

421 1209 504 1287 quod
527 1210 662 1270 Christus
683 1212 837 1290 discipulis
860 1213 923 1272 suis
951 1214 984 1272 in
1012 1216 1188 1276 ascensione

421 1319 486 1372 stra,
510 1306 544 1360 nt
559 1303 589 1360 in
603 1311 706 1362 sancto
723 1305 887 1382 Evangelio
903 1307 1038 1366 ltlatthaei
1061 1307 1186 1384 legitur,

421 1394 561 1472 promisit
581 1395 684 1454 diceus
703 1413 709 1455 :
725 1395 791 1476 Epo
810 1397 1025 1458 rrodr'scamcnm
1042 1417 1132 1480 napae
1152 1398 1190 1459 nd

421 1488 691 1546 coerrmmationenr
702 1489 809 1548 saecli.
827 1488 1042 1551 Manitxxvur.
1055 1491 1188 1552 Necnon

422 1583 528 1637 contra
555 1585 730 1640 satiatorum
754 1583 878 1642 Petrum
904 1583 1186 1652 determinationes,

421 1672 621 1732 conciliorum
629 1691 752 1752 qnoque
763 1685 792 1735 et
802 1691 995 1735 summorum
1008 1677 1190 1756 pontificum

421 1781 578 1841 expressas
601 1767 809 1827 ordinationes
831 1787 884 1826 seu
906 1787 1038 1828 canones
1055 1788 1062 1828 ι
1079 1769 1191 1848 quihus

422 1873 486 1915 nou
518 1857 753 1938 obtemperasse,
783 1861 924 1920 omnium
958 1861 1126 1933 latereseon,
1161 1868 1191 1922 ct

421 1948 631 2018 saliismatum,
651 1957 728 2012 teste
748 1953 915 2032 Cypriane,
939 1953 1034 2015 fomes
1052 1961 1082 2015 et
1100 1973 1191 2016 carisa

422 2061 543 2122 semper
556 2043 624 2103 fuit.

464 2140 507 2197 lle
521 2138 700 2197 eorumdem
717 2137 812 2216 igitur
826 2139 1050 2200 venerabilium
1061 2139 1190 2202 fratrum

423 2235 602 2291 nostrorum
615 2231 752 2298 consilio,
770 2236 799 2289 et
809 2249 945 2305 assensu,
958 2249 993 2293 ae
1007 2235 1147 2294 omnium
1162 2240 1193 2295 et

423 2323 1192 2402 singulorumpraedictorummaturadeliberatione

425 2415 580 2494 praedicta,
611 2417 791 2476 auctoritate
817 2419 1041 2497 omnipotentis
1068 2421 1133 2494 Dei,
1163 2427 1193 2481 ct

424 2508 586 2568 bentornm
600 2509 809 2588 apostolorum
825 2511 905 2570 Petri
919 2516 949 2570 et
969 2512 1064 2582 Pauli,
1074 2519 1104 2572 et
1121 2533 1191 2574 nos-

424 2605 482 2674 tra,
497 2601 637 2679 praefatos
655 2619 763 2662 omnes
779 2608 809 2662 ei
824 2603 961 2681 singulos
981 2606 1125 2666 articulos
1139 2627 1191 2668 seu

425 2712 555 2768 erroreS,
566 2700 736 2773 tamquam,
753 2701 789 2754 ut
803 2697 1010 2774 praemittitur,
1028 2701 1192 2778 respective

425 2786 595 2860 lrmreticos,
613 2791 666 2845 aut
692 2787 894 2863 scandalosos,
920 2799 974 2848 aut
1007 2790 1109 2862 falsos,
1140 2801 1194 2854 aut

426 2878 548 2957 piarum
576 2879 699 2939 aurium
729 2879 904 2953 oflensivos,
931 2883 980 2940 vel
1008 2870 1194 2962 simplicium

425 2971 579 3030 mentium
612 2972 793 3046 seductivos,
822 2977 852 3032 et
885 2974 1006 3033 veritati
1038 2977 1193 3038 cathohcat

425 3063 596 3136 obviantes,
621 3065 815 3137 damnamus,
852 3066 1069 3144 reprobamus,
1103 3075 1194 3149 atque

426 3157 554 3216 omnino
568 3156 733 3234 rejicimus,
751 3175 785 3216 ac
799 3173 855 3235 pro
870 3157 1031 3234 damnatis,
1048 3163 1193 3240 reproba·
1208 3187 1214 3198 ·

425 3248 464 3308 tis
484 3254 514 3307 et
534 3249 654 3326 rejectis
677 3249 715 3308 ab
743 3249 889 3309 omnibus
917 3251 1077 3330 utriusque
1105 3271 1195 3315 sexus

427 3341 536 3401 Christi
558 3341 699 3400 fidehhns
721 3341 829 3400 haberi
849 3341 971 3412 dehere,
990 3345 1102 3405 harum
1117 3347 1195 3409 serie

426 3433 630 3508 decernimus,
652 3439 682 3494 et
707 3433 899 3494 declaramus
927 3453 934 3494 :
964 3437 1137 3499 inhibentes
1162 3440 1195 3500 in

427 3527 539 3586 virtute
552 3531 664 3586 sanctae
680 3526 872 3598 obedientiae,
889 3545 925 3586 ac
938 3529 1129 3608 submajoris
1141 3552 1193 3592 ex-

355 3663 361 3674 .
427 3619 718 3679 communicationis
747 3618 815 3678 latre
844 3621 1019 3696 sententiis,
1047 3642 1103 3684 uec
1130 3645 1194 3686 non

427 3712 528 3790 quoad
556 3711 776 3772 Ecclesiasticus
802 3717 832 3771 ct
865 3713 1022 3790 regulares
1052 3733 1195 3793 personas

427 3803 644 3882 episcopalium
659 3805 811 3871 omnium,
827 3804 919 3863 etiam
934 3807 1193 3885 patriarchalium,

426 3898 744 3976 metropolitanarum,
770 3901 800 3955 et
819 3895 952 3956 aliorum
973 3900 1196 3962 cathedralium

427 3990 635 4060 ecclesiarum,
652 3989 913 4049 monasteriorum
935 4009 1057 4069 quoque
1070 3999 1099 4054 ct
1114 3995 1196 4072 prio-

426 4088 552 4143 ratuum
563 4083 655 4142 etiam
669 4080 930 4157 conventualium,
941 4089 1198 4162 etquarurncum-

428 4194 487 4256 que
503 4176 689 4252 dignitatum
712 4180 767 4235 aut
779 4174 1003 4236 beneficiorum
1018 4179 1196 4239 ecclesiasti·

428 4286 537 4329 eorum
551 4267 755 4340 sarccilarium,
781 4272 834 4326 aut
848 4269 1030 4344 quorumvis
1053 4272 1198 4332 ordinum

428 4361 629 4439 regularium,
660 4358 849 4438 privationis,
880 4364 909 4419 et
937 4360 1136 4422 inhabilitatis
1160 4365 1199 4424 ad

429 4454 491 4529 illa,
504 4460 534 4512 et
548 4452 607 4512 alia
618 4453 651 4510 in
666 4457 823 4530 posterum
838 4452 1005 4512 obtinenda
1024 4471 1031 4512 t
1047 4473 1109 4533 quo
1123 4475 1197 4517 vero

431 4548 468 4606 ad
493 4553 671 4616 conventus,
698 4545 832 4623 capitula
855 4563 909 4604 scu
936 4546 1044 4605 domos
1067 4553 1121 4606 ant
1147 4549 1198 4627 pia

429 4640 496 4699 loca
510 4637 704 4697 secularium
716 4636 765 4696 vel
778 4636 967 4714 regularium
978 4639 1071 4698 etiam
1081 4641 1199 4700 mendi-

430 4731 578 4806 cantium,
595 4747 651 4789 nec
666 4747 730 4790 non
742 4729 954 4790 universitates
970 4731 1063 4790 etiam
1077 4733 1197 4793 studio-

430 4842 502 4884 rum
515 4823 717 4902 generalium,
733 4839 999 4900 quornmcumque
1018 4825 1197 4902 privilegio-

431 4933 502 4977 rum
521 4915 713 4975 indultorum
737 4915 754 4973 a
777 4915 855 4974 Sede
875 4915 1048 4991 Apostolica
1069 4916 1117 4976 vel
1134 4917 1199 4996 ejus

430 5009 549 5083 legatis,
565 5013 619 5067 aut
632 5005 707 5066 alias
721 5007 951 5084 quomodolibet
962 5008 1140 5068 habitorum
1150 5009 1199 5071 vel

431 5102 640 5166 obtentorum,
662 5099 882 5177 cujuscumque
903 5101 1018 5159 tenoris
1042 5101 1196 5163 existant:

432 5213 489 5255 nec
501 5211 566 5253 non
574 5191 745 5252 nominiset
755 5193 1200 5272 potestatisstudiumgenerale

435 5289 569 5363 tenendi,
594 5286 730 5364 legendi,
757 5305 792 5345 ac
824 5285 1046 5364 interpretandi
1076 5289 1199 5366 quasvis

433 5387 574 5447 scientias
594 5389 626 5444 et
643 5381 810 5453 facultates,
830 5383 860 5437 ct
877 5377 1077 5438 inhabilitatis
1093 5377 1131 5439 ad
1147 5380 1200 5440 illa

434 5479 534 5540 atalia
549 5479 748 5555 inposterum
762 5471 927 5531 obtinenda
947 5489 953 5530 :
976 5471 1201 5549 praedicationis

435 5587 558 5651 quoquc
573 5567 662 5626 oflicii
684 5583 720 5626 ac
737 5563 909 5624 amissionis
929 5563 1021 5622 studii
1038 5564 1198 5637 generalis,

1236 566 1266 622 et
1281 561 1423 622 omnium
1440 559 1675 640 privilegiorum
1689 559 1836 640 ejusdem.
1849 563 1912 638 Quo
1924 583 1984 624 vero

1236 657 1275 716 ad
1302 655 1461 715 saculares
1488 655 1626 732 ejusdem
1660 655 1984 728 excommunicationis,

1236 767 1293 809 nec
1306 767 1370 808 uon
1380 748 1551 808 amissionis
1562 747 1782 827 cujuscumque
1795 749 1988 828 emphyteusis

1236 859 1291 902 seu
1305 826 1572 920 quorumcumqire
1581 841 1755 911 feudorum,
1767 845 1830 902 tam
1841 843 1990 903 aliomana

1238 935 1369 994 Ecclesia
1393 951 1486 1013 quam
1510 933 1584 994 alias
1606 933 1836 1012 quomodolibet
1863 935 1990 995 obtento-

1237 1047 1319 1097 rum,
1339 1046 1374 1087 ac
1396 1028 1489 1086 etiarn
1513 1026 1714 1087 inhabilitatis
1728 1027 1766 1086 ad
1780 1026 1832 1087 illa
1851 1033 1881 1088 et
1898 1027 1990 1088 aliain

1238 1126 1395 1200 posterum
1406 1119 1573 1179 obtinenda
1590 1138 1597 1179 ε
1612 1119 1674 1180 Nec
1693 1139 1757 1180 non
1781 1119 1883 1199 quoad
1898 1139 1991 1180 omnes

1239 1219 1268 1272 ct
1287 1213 1423 1289 singulos
1443 1213 1583 1291 superius
1605 1212 1791 1288 nominatos,
1815 1211 1992 1274 inhibitionis

1239 1305 1455 1366 Ecclesiasticae
1479 1306 1655 1383 sepulturae,
1680 1304 1941 1386 inhabilitatisque
1962 1307 1992 1366 ad

1239 1417 1346 1458 omnes
1361 1403 1390 1458 ei
1399 1398 1536 1477 singulos
1550 1403 1634 1458 actus
1644 1397 1808 1474 legitimos,
1824 1399 1954 1460 infamiae
1966 1421 1993 1464 ac

1239 1491 1456 1552 diffamationis
1473 1497 1502 1552 et
1516 1491 1654 1552 criminis
1676 1491 1756 1550 laesas
1780 1490 1953 1570 majestatis,
1971 1501 1995 1554 et

1238 1584 1465 1644 hereticorum.
1483 1591 1513 1645 et
1525 1584 1682 1644 fautorum
1698 1583 1881 1645 eorumdem
1896 1585 1994 1663 injure

1239 1679 1388 1756 expressis
1403 1679 1511 1757 pranis,
1537 1695 1573 1736 eo
1588 1677 1655 1755 ipso
1676 1683 1706 1736 et
1728 1677 1845 1756 absque
1871 1676 1994 1738 ulteriori

1239 1771 1442 1830 declaratione
1455 1787 1628 1849 peromnes
1647 1775 1677 1830 et
1698 1769 1837 1848 singulos
1852 1771 1995 1850 supradic-

1240 1869 1297 1938 tos,
1315 1863 1351 1938 si,
1373 1861 1453 1941 quod
1475 1863 1563 1937 absit,
1580 1861 1827 1936 contrafeceriut,
1854 1864 1997 1924 incurren-

1240 1956 1296 2016 dis.
1314 1957 1338 2016 Α
1357 1956 1471 2034 quibus
1491 1957 1596 2026 vicere
1616 1955 1840 2034 cujuscumque
1861 1957 1997 2019 facultatis

1241 2055 1271 2110 et
1281 2049 1488 2108 clausularum
1497 2049 1590 2108 etiam
1603 2049 1637 2108 in
1651 2048 1925 2110 confessionalibns
1937 2053 1997 2130 qui·

1241 2142 1344 2201 busvis
1359 2141 1507 2219 personis,
1524 2141 1579 2200 suh
1594 2141 1752 2219 quibusvis
1769 2141 1936 2203 verborum
1946 2143 1997 2204 ior-

1242 2234 1300 2293 mis
1318 2239 1544 2308 contentarum,
1567 2234 1628 2292 nisi
1646 2253 1665 2292 a
1685 2233 1827 2294 Romano
1856 2235 1996 2314 pontifice,
2088 2271 2089 2274 ¹

1241 2327 1290 2386 vel
1304 2327 1363 2386 alio
1374 2325 1411 2385 uh
1427 2345 1463 2386 ee
1476 2327 1514 2387 ad
1529 2327 1558 2386 id
1573 2327 1672 2406 specie
1680 2326 1859 2389 facultatem
1869 2329 1998 2404 habente,

1243 2424 1449 2498 praeterquam
1460 2419 1491 2479 in
1507 2420 1615 2478 mortis
1630 2419 1757 2480 articulo
1772 2423 1941 2499 constituti,
1955 2425 1998 2484 ah-

1244 2512 1493 2590 solvinequeant.
1506 2511 1656 2573 Omnibus
1666 2517 1697 2570 et.
1711 2513 1845 2590 singulis
1855 2515 2000 2596 utriusque

1244 2623 1334 2664 serus
1348 2605 1459 2665 Christi
1475 2603 1627 2680 fidelibus
1640 2611 1704 2664 tam
1717 2603 1802 2664 laicis
1816 2625 1911 2685 quam
1924 2610 2000 2671 cleri·

1244 2699 1285 2756 cis
1299 2695 1496 2758 saecularibus
1514 2701 1544 2757 et
1559 2697 1739 2775 quorumvis
1758 2697 1908 2760 ordinum
1919 2720 2001 2782 regn-
2071 2722 2072 2725 ¹

1243 2791 1387 2864 laribus;
1423 2795 1452 2849 et
1481 2789 1548 2848 aliis
1580 2787 1827 2868 quibuscumque
1865 2797 2000 2872 personis,

1244 2885 1464 2962 cujuscumque
1480 2888 1586 2954 status,
1610 2882 1733 2959 gradus,
1757 2883 1806 2943 rel
1831 2888 2003 2950 conditionis

1244 2978 1384 3050 existant,
1401 2980 1431 3035 et
1444 2991 1638 3053 quacumque
1653 2971 1914 3039 ecclesiasti'cavel
1927 2997 2004 3040 mun·

1244 3069 1324 3128 dana
1347 3065 1541 3146 prefulgeant
1566 3065 1714 3144 dignitate
1744 3087 1751 3127 :
1782 3069 1880 3130 etiam
1905 3077 2003 3132 sancte

1245 3163 1392 3222 Romanae
1414 3158 1553 3219 Ecclesiae
1575 3157 1798 3234 cardinalihuS,
1821 3163 2002 3242 patriarchis

1244 3253 1439 3332 primatibus,
1455 3251 1701 3330 archiepiscopis,
1711 3253 1876 3332 episcopis,
1889 3256 2005 3335 patriar-

1245 3345 1390 3419 chalium,
1406 3343 1715 3422 metropolitanarum
1728 3350 1758 3403 et
1771 3345 1906 3408 alianrm
1915 3347 2004 3409 cathe-

1245 3437 1387 3509 dralium,
1413 3437 1643 3514 collegiatarum
1661 3455 1696 3496 ac
1714 3435 1901 3501 inferiorum
1921 3441 2004 3502 ecde-

1246 3531 1361 3591 siarum
1390 3531 1533 3611 praelatis,
1568 3527 1684 3588 clericis
1716 3529 1846 3608 aliisque
1883 3535 2007 3612 personis

1246 3621 1464 3698 ecelesiasticis,
1478 3621 1684 3696 saeerrlarihus,
1697 3623 1727 3680 et
1737 3628 1922 3700 quorumvis
1936 3625 2006 3686 ordi-

1247 3735 1335 3789 num,
1349 3716 1442 3775 etiam
1451 3713 1888 3791 meudicatiumregularibus,
1901 3715 2007 3780 abbati·

1247 3808 1316 3884 bus,
1351 3807 1523 3887 prioribus,
1560 3805 1610 3864 vel
1641 3805 1791 3866 ministris
1820 3811 2008 3887 generalibus

1247 3901 1296 3961 vel
1323 3897 1578 3980 particularibus,
1603 3895 1759 3968 fratribus,
1786 3916 1842 3960 seu
1871 3902 2009 3982 religiosis
2080 3944 2083 3947 2

1247 3992 1411 4072 ercrnrptis,
1425 3997 1454 4050 et
1467 4009 1531 4051 non
1551 3991 1701 4068 exemptis
1718 4007 1724 4050 ε
1741 3991 1919 4056 studiorum
1940 4013 2009 4076 quo·

1248 4105 1307 4166 que
1323 4083 1572 4145 universitatilurs
1594 4083 1801 4158 saecularibus,
1820 4091 1854 4146 et
1870 4105 2009 4168 quorum·

1247 4179 1293 4239 vis
1300 4177 1445 4238 ordinum
1453 4177 1544 4236 etiam
1555 4174 1800 4236 mendicantium
1808 4181 2009 4258 regularibus:

1248 4289 1305 4332 nec
1318 4289 1382 4331 non
1396 4269 1531 4346 regibus,
1549 4266 1797 4345 imperatoribus.
1822 4271 2009 4346 electoribus,

1248 4361 1449 4442 principibus,
1470 4359 1609 4435 citicihus,
1637 4361 1883 4432 marchionibus,
1905 4363 2011 4428 comiti·
2081 4432 2082 4435 Ἴ

1246 4457 1314 4528 bus,
1345 4453 1524 4524 baronibus,
1555 4451 1730 4530 capitaneis,
1764 4454 2008 4521 conductoribus.
2082 4456 2083 4459 ’

1247 4545 1427 4614 domicellis,
1437 4543 1842 4623 omnibusqueofficialibus,
1849 4549 2009 4626 judicibus,
2082 4620 2084 4623 ,

1247 4641 1373 4702 notariis
1388 4637 1592 4698 ecclesiasticis
1607 4643 1637 4696 et
1656 4638 1867 4714 sacularibus,
1880 4659 2010 4702 commu·

1248 4732 1404 4804 nitatibus,
1429 4727 1687 4794 universitatibus,
1711 4733 1934 4808 potentatibus,
1950 4733 2013 4792 civi·

1248 4823 1372 4888 tatibus,
1389 4823 1504 4889 castris,
1521 4823 1610 4880 terris
1623 4825 1653 4879 et
1665 4819 1751 4895 loeis,
1771 4840 1825 4881 seu
1847 4843 1957 4885 corum
1970 4822 2013 4884 vel

1249 4935 1356 4977 carum
1364 4915 1490 4986 civibus,
1504 4913 1727 4972 habitatoribus
1737 4918 1767 4972 et
1776 4913 1898 4992 incolis,
1908 4915 2011 4996 acqui-

1249 5009 1353 5069 busvis
1371 5007 1438 5066 aliis
1451 5005 1590 5085 personis
1609 5004 1817 5066 ecclesiasticis
1830 5009 1881 5068 vel
1901 5007 2012 5088 regula·

1249 5101 1344 5169 ribus,
1366 5106 1400 5160 ut
1424 5099 1586 5178 praefertur
1610 5116 1665 5176 per
1690 5098 1874 5160 turirersum
1899 5103 2010 5170 orbem,

1248 5195 1448 5272 ubicumque,
1464 5189 1634 5269 praesertim
1644 5189 1678 5249 in
1691 5187 1851 5252 alemania
1867 5195 2013 5254 existenti·
2081 5200 2083 5203 ’

1250 5287 1307 5346 hus
1335 5286 1383 5345 vel
1410 5303 1465 5364 pro
1492 5289 1631 5362 tempore
1659 5281 1780 5356 futuris,
1807 5301 1847 5344 nc
1876 5287 2011 5366 prefatos

1250 5397 1396 5452 errrores,
1420 5381 1474 5437 aut
1501 5392 1609 5436 eorum
1637 5374 1755 5453 aliquos
1780 5393 2011 5458 perversamque

1250 5471 1421 5530 ‹loctrinam
1433 5468 1609 5548 hujusmodi
1626 5483 1770 5532 asserere.
1788 5468 1954 5542 affirmare,
1963 5469 2010 5530 de·

1248 5563 1384 5630 tendere,
1416 5561 1592 5640 predicare,
1622 5565 1676 5619 unt
1703 5557 1746 5619 illi
1772 5561 2007 5639 quomodolibet,

2085 5513 2089 5608 i

2087 5611 2089 5676 t
