<?xml version="1.0" encoding="UTF-8"?>
<!DOCTYPE html PUBLIC "-//W3C//DTD XHTML 1.0 Transitional//EN"
    "http://www.w3.org/TR/xhtml1/DTD/xhtml1-transitional.dtd">
<html xmlns="http://www.w3.org/1999/xhtml" xml:lang="en" lang="en">
 <head>
  <title>
</title>
<meta http-equiv="Content-Type" content="text/html;charset=utf-8" />
  <meta name='ocr-system' content='tesseract 3.04.00' />
  <meta name='ocr-capabilities' content='ocr_page ocr_carea ocr_par ocr_line ocrx_word'/>
</head>
<body>
  <div class='ocr_page' id='page_1' title='image "./theologiamorali00busegoog_0589.png"; bbox 0 0 3992 6344; ppageno 0'>
   <div class='ocr_carea' id='block_1_1' title="bbox 633 413 1090 478">
    <p class='ocr_par' dir='ltr' id='par_1_1' title="bbox 633 413 1090 478">
     <span class='ocr_line' id='line_1_1' title="bbox 633 413 1090 478; baseline 0.009 -4"><span class='ocrx_word' id='word_1_1' title='bbox 633 413 744 476; x_wconf 81' lang='lat' dir='ltr'>LIBER</span> <span class='ocrx_word' id='word_1_2' title='bbox 765 413 933 477; x_wconf 80' lang='lat' dir='ltr'>TERTIUS</span> <span class='ocrx_word' id='word_1_3' title='bbox 958 415 1055 478; x_wconf 79' lang='lat' dir='ltr'><strong>PARS</strong></span> <span class='ocrx_word' id='word_1_4' title='bbox 1079 418 1090 478; x_wconf 95' lang='lat' dir='ltr'><strong><em>l</em></strong></span> 
     </span>
    </p>
   </div>
   <div class='ocr_carea' id='block_1_2' title="bbox 53 577 838 3160">
    <p class='ocr_par' dir='ltr' id='par_1_2' title="bbox 76 577 838 1408">
     <span class='ocr_line' id='line_1_2' title="bbox 84 577 838 668; baseline -0.001 -18"><span class='ocrx_word' id='word_1_5' title='bbox 84 589 161 650; x_wconf 81' lang='lat' dir='ltr'><strong><em>lilan.</em></strong></span> <span class='ocrx_word' id='word_1_6' title='bbox 181 606 213 668; x_wconf 90' lang='lat' dir='ltr'><strong><em>p.</em></strong></span> <span class='ocrx_word' id='word_1_7' title='bbox 238 589 269 648; x_wconf 88' lang='lat'><strong><em>6.</em></strong></span> <span class='ocrx_word' id='word_1_8' title='bbox 285 577 325 650; x_wconf 82' lang='lat' dir='ltr'><strong><em>tr&#39;.</em></strong></span> <span class='ocrx_word' id='word_1_9' title='bbox 342 591 372 649; x_wconf 82' lang='lat'><strong><em>7.</em></strong></span> <span class='ocrx_word' id='word_1_10' title='bbox 397 587 436 650; x_wconf 84' lang='lat' dir='ltr'><strong><em>lt.</em></strong></span> <span class='ocrx_word' id='word_1_11' title='bbox 457 589 508 648; x_wconf 78' lang='lat'><strong><em>42.</em></strong></span> <span class='ocrx_word' id='word_1_12' title='bbox 533 586 629 648; x_wconf 90' lang='lat' dir='ltr'><strong><em>etalii</em></strong></span> <span class='ocrx_word' id='word_1_13' title='bbox 653 587 762 648; x_wconf 88' lang='lat' dir='ltr'><strong><em>dicunt</em></strong></span> <span class='ocrx_word' id='word_1_14' title='bbox 779 588 838 649; x_wconf 89' lang='lat' dir='ltr'><strong><em>hoc</em></strong></span> 
     </span>
     <span class='ocr_line' id='line_1_3' title="bbox 84 680 835 761; baseline -0.001 -18"><span class='ocrx_word' id='word_1_15' title='bbox 84 682 216 743; x_wconf 77' lang='lat' dir='ltr'><strong><em>intimum</em></strong></span> <span class='ocrx_word' id='word_1_16' title='bbox 238 682 272 741; x_wconf 91' lang='lat' dir='ltr'><strong><em>in</em></strong></span> <span class='ocrx_word' id='word_1_17' title='bbox 295 682 384 761; x_wconf 74' lang='lat' dir='ltr'><strong><em>praxi</em></strong></span> <span class='ocrx_word' id='word_1_18' title='bbox 405 699 469 744; x_wconf 92' lang='lat' dir='ltr'><strong><em>uon</em></strong></span> <span class='ocrx_word' id='word_1_19' title='bbox 483 699 548 742; x_wconf 89' lang='lat' dir='ltr'><strong><em>esse</em></strong></span> <span class='ocrx_word' id='word_1_20' title='bbox 562 680 835 760; x_wconf 65' lang='lat' dir='ltr'><strong><em>amplectendum</em></strong></span> 
     </span>
     <span class='ocr_line' id='line_1_4' title="bbox 83 773 838 854; baseline -0.005 -16"><span class='ocrx_word' id='word_1_21' title='bbox 83 775 150 853; x_wconf 80' lang='lat' dir='ltr'><strong><em>Lep.</em></strong></span> <span class='ocrx_word' id='word_1_22' title='bbox 176 792 266 854; x_wconf 88' lang='lat' dir='ltr'><strong><em>supra</em></strong></span> <span class='ocrx_word' id='word_1_23' title='bbox 280 774 364 851; x_wconf 91' lang='lat' dir='ltr'><strong><em>dicit,</em></strong></span> <span class='ocrx_word' id='word_1_24' title='bbox 375 773 401 834; x_wconf 91' lang='lat' dir='ltr'><strong><em>si</em></strong></span> <span class='ocrx_word' id='word_1_25' title='bbox 415 775 605 854; x_wconf 82' lang='lat' dir='ltr'><strong>protesteris,</strong></span> <span class='ocrx_word' id='word_1_26' title='bbox 620 778 650 833; x_wconf 90' lang='lat' dir='ltr'><strong><em>et</em></strong></span> <span class='ocrx_word' id='word_1_27' title='bbox 664 773 781 834; x_wconf 86' lang='lat' dir='ltr'><strong><em>sincere</em></strong></span> <span class='ocrx_word' id='word_1_28' title='bbox 794 775 838 834; x_wconf 88' lang='lat' dir='ltr'><strong><em>ita</em></strong></span> 
     </span>
     <span class='ocr_line' id='line_1_5' title="bbox 81 864 836 946; baseline -0.003 -18"><span class='ocrx_word' id='word_1_29' title='bbox 81 866 193 941; x_wconf 89' lang='lat' dir='ltr'><strong><em>sentias,</em></strong></span> <span class='ocrx_word' id='word_1_30' title='bbox 215 883 338 946; x_wconf 82' lang='lat' dir='ltr'>nempe,</span> <span class='ocrx_word' id='word_1_31' title='bbox 363 867 447 945; x_wconf 93' lang='lat' dir='ltr'><strong><em>quod</em></strong></span> <span class='ocrx_word' id='word_1_32' title='bbox 474 884 530 945; x_wconf 88' lang='lat' dir='ltr'><strong><em>pro</em></strong></span> <span class='ocrx_word' id='word_1_33' title='bbox 545 864 649 926; x_wconf 89' lang='lat' dir='ltr'><strong><em>labore</em></strong></span> <span class='ocrx_word' id='word_1_34' title='bbox 669 865 745 926; x_wconf 80' lang='lat' dir='ltr'><strong><em>velis</em></strong></span> <span class='ocrx_word' id='word_1_35' title='bbox 763 866 836 926; x_wconf 90' lang='lat' dir='ltr'><strong><em>dare</em></strong></span> 
     </span>
     <span class='ocr_line' id='line_1_6' title="bbox 81 957 834 1034; baseline 0 -15"><span class='ocrx_word' id='word_1_36' title='bbox 81 960 186 1034; x_wconf 90' lang='lat' dir='ltr'><strong><em>decem,</em></strong></span> <span class='ocrx_word' id='word_1_37' title='bbox 210 959 274 1020; x_wconf 87' lang='lat' dir='ltr'><strong><em>sive</em></strong></span> <span class='ocrx_word' id='word_1_38' title='bbox 297 959 483 1020; x_wconf 82' lang='lat' dir='ltr'><strong><em>beneficium</em></strong></span> <span class='ocrx_word' id='word_1_39' title='bbox 501 957 652 1032; x_wconf 86' lang='lat' dir='ltr'><strong><em>obtineas,</em></strong></span> <span class='ocrx_word' id='word_1_40' title='bbox 675 959 738 1018; x_wconf 88' lang='lat' dir='ltr'><strong><em>sive</em></strong></span> <span class='ocrx_word' id='word_1_41' title='bbox 759 976 834 1034; x_wconf 90' lang='lat' dir='ltr'><strong><em>non,</em></strong></span> 
     </span>
     <span class='ocr_line' id='line_1_7' title="bbox 80 1049 830 1130; baseline 0 -20"><span class='ocrx_word' id='word_1_42' title='bbox 80 1057 185 1114; x_wconf 88' lang='lat' dir='ltr'><strong><em>etcum</em></strong></span> <span class='ocrx_word' id='word_1_43' title='bbox 206 1051 294 1120; x_wconf 80' lang='lat' dir='ltr'><strong><em>scias,</em></strong></span> <span class='ocrx_word' id='word_1_44' title='bbox 317 1051 391 1130; x_wconf 90' lang='lat' dir='ltr'><strong><em>qaid</em></strong></span> <span class='ocrx_word' id='word_1_45' title='bbox 405 1051 510 1112; x_wconf 87' lang='lat' dir='ltr'><strong><em>deceat</em></strong></span> <span class='ocrx_word' id='word_1_46' title='bbox 523 1056 647 1129; x_wconf 85' lang='lat' dir='ltr'><strong><em>gratam</em></strong></span> <span class='ocrx_word' id='word_1_47' title='bbox 658 1049 830 1125; x_wconf 89' lang='lat' dir='ltr'><strong><em>hominem,</em></strong></span> 
     </span>
     <span class='ocr_line' id='line_1_8' title="bbox 78 1142 835 1223; baseline 0.001 -20"><span class='ocrx_word' id='word_1_48' title='bbox 78 1148 104 1202; x_wconf 90' lang='lat' dir='ltr'><strong><em>te</em></strong></span> <span class='ocrx_word' id='word_1_49' title='bbox 116 1143 223 1220; x_wconf 89' lang='lat' dir='ltr'><strong><em>dicere,</em></strong></span> <span class='ocrx_word' id='word_1_50' title='bbox 237 1161 337 1223; x_wconf 90' lang='lat' dir='ltr'><strong><em>posse,</em></strong></span> <span class='ocrx_word' id='word_1_51' title='bbox 360 1143 444 1222; x_wconf 91' lang='lat' dir='ltr'><strong><em>qnod</em></strong></span> <span class='ocrx_word' id='word_1_52' title='bbox 459 1142 573 1204; x_wconf 82' lang='lat' dir='ltr'>habeas</span> <span class='ocrx_word' id='word_1_53' title='bbox 589 1142 731 1205; x_wconf 89' lang='lat' dir='ltr'><strong><em>animum</em></strong></span> <span class='ocrx_word' id='word_1_54' title='bbox 742 1142 835 1204; x_wconf 84' lang='lat' dir='ltr'><strong><em>etiarn</em></strong></span> 
     </span>
     <span class='ocr_line' id='line_1_9' title="bbox 76 1233 834 1316; baseline 0.003 -22"><span class='ocrx_word' id='word_1_55' title='bbox 76 1235 202 1296; x_wconf 86' lang='lat' dir='ltr'><strong><em>donandi</em></strong></span> <span class='ocrx_word' id='word_1_56' title='bbox 225 1236 393 1316; x_wconf 90' lang='lat' dir='ltr'><strong><em>reliquum,</em></strong></span> <span class='ocrx_word' id='word_1_57' title='bbox 425 1235 478 1296; x_wconf 89' lang='lat' dir='ltr'><strong><em>scd</em></strong></span> <span class='ocrx_word' id='word_1_58' title='bbox 502 1235 585 1296; x_wconf 88' lang='lat' dir='ltr'><strong><em>nolle</em></strong></span> <span class='ocrx_word' id='word_1_59' title='bbox 612 1233 710 1295; x_wconf 91' lang='lat' dir='ltr'><strong><em>ullam</em></strong></span> <span class='ocrx_word' id='word_1_60' title='bbox 738 1234 777 1296; x_wconf 90' lang='lat' dir='ltr'><strong><em>de</em></strong></span> <span class='ocrx_word' id='word_1_61' title='bbox 797 1253 834 1296; x_wconf 89' lang='lat' dir='ltr'><strong><em>eo</em></strong></span> 
     </span>
     <span class='ocr_line' id='line_1_10' title="bbox 76 1326 467 1408; baseline 0.005 -22"><span class='ocrx_word' id='word_1_62' title='bbox 76 1326 286 1405; x_wconf 77' lang='lat' dir='ltr'>obligationem</span> <span class='ocrx_word' id='word_1_63' title='bbox 301 1327 467 1408; x_wconf 81' lang='lat' dir='ltr'><strong>suscipere.</strong></span> 
     </span>
    </p>

    <p class='ocr_par' dir='ltr' id='par_1_3' title="bbox 53 1418 834 3160">
     <span class='ocr_line' id='line_1_11' title="bbox 109 1418 834 1498; baseline 0 -19"><span class='ocrx_word' id='word_1_64' title='bbox 109 1429 120 1455; x_wconf 79' lang='lat'><em>⁰</em></span> <span class='ocrx_word' id='word_1_65' title='bbox 135 1420 166 1482; x_wconf 91' lang='lat' dir='ltr'><strong><em>P.</em></strong></span> <span class='ocrx_word' id='word_1_66' title='bbox 183 1420 318 1484; x_wconf 85' lang='lat' dir='ltr'><strong><em>Concina</em></strong></span> <span class='ocrx_word' id='word_1_67' title='bbox 332 1421 561 1498; x_wconf 83' lang='lat' dir='ltr'><strong><em>Tom0X.pag.</em></strong></span> <span class='ocrx_word' id='word_1_68' title='bbox 579 1421 648 1482; x_wconf 76' lang='lat'><strong><em>113.</em></strong></span> <span class='ocrx_word' id='word_1_69' title='bbox 667 1418 755 1478; x_wconf 83' lang='lat' dir='ltr'><strong><em>Istinc</em></strong></span> <span class='ocrx_word' id='word_1_70' title='bbox 767 1418 834 1498; x_wconf 84' lang='lat' dir='ltr'><strong><em>opi·</em></strong></span> 
     </span>
     <span class='ocr_line' id='line_1_12' title="bbox 73 1510 833 1593; baseline 0.003 -23"><span class='ocrx_word' id='word_1_71' title='bbox 73 1511 160 1572; x_wconf 81' lang='lat' dir='ltr'><strong><em>niona&#39;a</em></strong></span> <span class='ocrx_word' id='word_1_72' title='bbox 187 1511 282 1593; x_wconf 82' lang='lat' dir='ltr'><strong><em>inquit</em></strong></span> <span class='ocrx_word' id='word_1_73' title='bbox 305 1513 434 1574; x_wconf 79' lang='lat' dir='ltr'><strong><em>Laxrras</em></strong></span> <span class='ocrx_word' id='word_1_74' title='bbox 459 1529 585 1574; x_wconf 78' lang='lat' dir='ltr'><strong><em>aulaeas</em></strong></span> <span class='ocrx_word' id='word_1_75' title='bbox 609 1528 672 1572; x_wconf 78' lang='lat' dir='ltr'><strong><em>asa.</em></strong></span> <span class='ocrx_word' id='word_1_76' title='bbox 705 1510 833 1572; x_wconf 81' lang='lat' dir='ltr'><em>Tradere</em></span> 
     </span>
     <span class='ocr_line' id='line_1_13' title="bbox 69 1601 833 1685; baseline 0.001 -21"><span class='ocrx_word' id='word_1_77' title='bbox 69 1604 219 1684; x_wconf 84' lang='lat' dir='ltr'><strong><em>pecaniam</em></strong></span> <span class='ocrx_word' id='word_1_78' title='bbox 239 1623 298 1685; x_wconf 87' lang='lat' dir='ltr'><strong><em>pro</em></strong></span> <span class='ocrx_word' id='word_1_79' title='bbox 322 1604 522 1666; x_wconf 79' lang='lat' dir='ltr'><strong><em>intercessione</em></strong></span> <span class='ocrx_word' id='word_1_80' title='bbox 549 1603 630 1685; x_wconf 86' lang='lat' dir='ltr'><strong><em>apud</em></strong></span> <span class='ocrx_word' id='word_1_81' title='bbox 654 1601 833 1665; x_wconf 79' lang='lat' dir='ltr'><strong><em>Colbrtorem</em></strong></span> 
     </span>
     <span class='ocr_line' id='line_1_14' title="bbox 70 1695 833 1776; baseline 0.003 -20"><span class='ocrx_word' id='word_1_82' title='bbox 70 1695 208 1776; x_wconf 77' lang='lat' dir='ltr'><strong><em>Bnaeficii</em></strong></span> <span class='ocrx_word' id='word_1_83' title='bbox 219 1743 227 1770; x_wconf 94' lang='lat'><strong><em>,</em></strong></span> <span class='ocrx_word' id='word_1_84' title='bbox 256 1701 412 1758; x_wconf 81' lang='lat' dir='ltr'><em>simoniam</em></span> <span class='ocrx_word' id='word_1_85' title='bbox 439 1715 496 1758; x_wconf 88' lang='lat' dir='ltr'><strong><em>esse</em></strong></span> <span class='ocrx_word' id='word_1_86' title='bbox 521 1696 684 1773; x_wconf 80' lang='lat' dir='ltr'><strong><em>fatentur:</em></strong></span> <span class='ocrx_word' id='word_1_87' title='bbox 717 1695 833 1758; x_wconf 86' lang='lat' dir='ltr'><strong><em>tradere</em></strong></span> 
     </span>
     <span class='ocr_line' id='line_1_15' title="bbox 70 1789 832 1870; baseline 0.003 -22"><span class='ocrx_word' id='word_1_88' title='bbox 70 1806 129 1848; x_wconf 85' lang='lat' dir='ltr'><strong><em>cero</em></strong></span> <span class='ocrx_word' id='word_1_89' title='bbox 154 1789 312 1870; x_wconf 79' lang='lat' dir='ltr'><strong><em>pecuniam</em></strong></span> <span class='ocrx_word' id='word_1_90' title='bbox 345 1805 559 1850; x_wconf 79' lang='lat' dir='ltr'><strong><em>acerrumas</em></strong></span> <span class='ocrx_word' id='word_1_91' title='bbox 591 1805 776 1850; x_wconf 69' lang='lat' dir='ltr'><strong><em>uncturam</em></strong></span> <span class='ocrx_word' id='word_1_92' title='bbox 802 1806 832 1850; x_wconf 85' lang='lat' dir='ltr'><strong><em>ru</em></strong></span> 
     </span>
     <span class='ocr_line' id='line_1_16' title="bbox 69 1879 833 1961; baseline 0 -19"><span class='ocrx_word' id='word_1_93' title='bbox 69 1898 231 1958; x_wconf 82' lang='lat' dir='ltr'><strong><em>ancarana,</em></strong></span> <span class='ocrx_word' id='word_1_94' title='bbox 267 1899 298 1944; x_wconf 85' lang='lat' dir='ltr'><strong><em>ru</em></strong></span> <span class='ocrx_word' id='word_1_95' title='bbox 331 1898 561 1958; x_wconf 69' lang='lat' dir='ltr'><strong><em>turnacensem,</em></strong></span> <span class='ocrx_word' id='word_1_96' title='bbox 596 1879 644 1961; x_wconf 80' lang='lat' dir='ltr'><strong><em>(de</em></strong></span> <span class='ocrx_word' id='word_1_97' title='bbox 678 1881 743 1941; x_wconf 91' lang='lat' dir='ltr'><strong><em>solo</em></strong></span> <span class='ocrx_word' id='word_1_98' title='bbox 774 1880 833 1942; x_wconf 93' lang='lat' dir='ltr'><strong><em>hoc</em></strong></span> 
     </span>
     <span class='ocr_line' id='line_1_17' title="bbox 69 1974 833 2054; baseline 0 -20"><span class='ocrx_word' id='word_1_99' title='bbox 69 1979 200 2054; x_wconf 87' lang='lat' dir='ltr'><strong><em>tempore</em></strong></span> <span class='ocrx_word' id='word_1_100' title='bbox 225 1992 326 2054; x_wconf 89' lang='lat' dir='ltr'><strong><em>neque</em></strong></span> <span class='ocrx_word' id='word_1_101' title='bbox 349 1975 513 2046; x_wconf 81' lang='lat' dir='ltr'><strong><em>La-Croix‚</em></strong></span> <span class='ocrx_word' id='word_1_102' title='bbox 539 1992 640 2052; x_wconf 90' lang='lat' dir='ltr'><strong><em>neque</em></strong></span> <span class='ocrx_word' id='word_1_103' title='bbox 669 1974 833 2052; x_wconf 88' lang='lat' dir='ltr'><strong><em>quisquam</em></strong></span> 
     </span>
     <span class='ocr_line' id='line_1_18' title="bbox 68 2063 832 2147; baseline 0 -21"><span class='ocrx_word' id='word_1_104' title='bbox 68 2065 138 2126; x_wconf 87' lang='lat' dir='ltr'><strong><em>alius</em></strong></span> <span class='ocrx_word' id='word_1_105' title='bbox 165 2067 199 2128; x_wconf 89' lang='lat' dir='ltr'><strong><em>id</em></strong></span> <span class='ocrx_word' id='word_1_106' title='bbox 221 2064 318 2147; x_wconf 80' lang='lat' dir='ltr'><strong><em>docet)</em></strong></span> <span class='ocrx_word' id='word_1_107' title='bbox 343 2085 401 2147; x_wconf 88' lang='lat' dir='ltr'><strong><em>pro</em></strong></span> <span class='ocrx_word' id='word_1_108' title='bbox 424 2066 505 2126; x_wconf 85' lang='lat' dir='ltr'><strong><em>lucra</em></strong></span> <span class='ocrx_word' id='word_1_109' title='bbox 525 2073 659 2135; x_wconf 76' lang='lat' dir='ltr'><strong><em>cessante.</em></strong></span> <span class='ocrx_word' id='word_1_110' title='bbox 683 2070 712 2126; x_wconf 85' lang='lat' dir='ltr'><strong><em>et</em></strong></span> <span class='ocrx_word' id='word_1_111' title='bbox 726 2063 832 2126; x_wconf 75' lang='lat' dir='ltr'><strong><em>danim</em></strong></span> 
     </span>
     <span class='ocr_line' id='line_1_19' title="bbox 67 2156 830 2238; baseline -0.001 -20"><span class='ocrx_word' id='word_1_112' title='bbox 67 2166 221 2238; x_wconf 81' lang='lat' dir='ltr'><strong><em>naerpente</em></strong></span> <span class='ocrx_word' id='word_1_113' title='bbox 235 2159 267 2218; x_wconf 92' lang='lat' dir='ltr'><strong><em>in</em></strong></span> <span class='ocrx_word' id='word_1_114' title='bbox 281 2157 387 2235; x_wconf 85' lang='lat' dir='ltr'><strong><em>cando,</em></strong></span> <span class='ocrx_word' id='word_1_115' title='bbox 404 2164 433 2219; x_wconf 88' lang='lat' dir='ltr'><strong><em>et</em></strong></span> <span class='ocrx_word' id='word_1_116' title='bbox 448 2156 596 2219; x_wconf 76' lang='lat' dir='ltr'><strong><em>redeunda</em></strong></span> <span class='ocrx_word' id='word_1_117' title='bbox 611 2166 725 2219; x_wconf 86' lang='lat' dir='ltr'><strong><em>nonest</em></strong></span> <span class='ocrx_word' id='word_1_118' title='bbox 742 2157 830 2218; x_wconf 79' lang='lat' dir='ltr'><strong><em>sicno-</em></strong></span> 
     </span>
     <span class='ocr_line' id='line_1_20' title="bbox 67 2247 832 2331; baseline 0 -21"><span class='ocrx_word' id='word_1_119' title='bbox 67 2249 145 2310; x_wconf 87' lang='lat' dir='ltr'><strong><em>nia?</em></strong></span> <span class='ocrx_word' id='word_1_120' title='bbox 169 2249 365 2331; x_wconf 72' lang='lat' dir='ltr'><strong><em>Caripeta</em></strong></span> <span class='ocrx_word' id='word_1_121' title='bbox 389 2247 452 2310; x_wconf 78' lang='lat' dir='ltr'><strong><em>tce</em></strong></span> <span class='ocrx_word' id='word_1_122' title='bbox 477 2256 546 2310; x_wconf 83' lang='lat' dir='ltr'><strong><em>sunt</em></strong></span> <span class='ocrx_word' id='word_1_123' title='bbox 572 2248 647 2330; x_wconf 84' lang='lat' dir='ltr'><strong><em>quid</em></strong></span> <span class='ocrx_word' id='word_1_124' title='bbox 672 2249 832 2328; x_wconf 79' lang='lat' dir='ltr'><strong><em>temporale</em></strong></span> 
     </span>
     <span class='ocr_line' id='line_1_21' title="bbox 65 2341 831 2422; baseline 0 -20"><span class='ocrx_word' id='word_1_125' title='bbox 65 2343 177 2404; x_wconf 85' lang='lat' dir='ltr'><strong><em>annino</em></strong></span> <span class='ocrx_word' id='word_1_126' title='bbox 213 2343 420 2404; x_wconf 80' lang='lat' dir='ltr'><strong><em>extrinsecum.</em></strong></span> <span class='ocrx_word' id='word_1_127' title='bbox 445 2341 628 2422; x_wconf 83' lang='lat' dir='ltr'><strong><em>(Advertant</em></strong></span> <span class='ocrx_word' id='word_1_128' title='bbox 657 2341 724 2419; x_wconf 88' lang='lat' dir='ltr'><strong><em>jam</em></strong></span> <span class='ocrx_word' id='word_1_129' title='bbox 757 2342 831 2402; x_wconf 90' lang='lat' dir='ltr'><strong><em>hinc</em></strong></span> 
     </span>
     <span class='ocr_line' id='line_1_22' title="bbox 65 2432 831 2514; baseline 0.001 -21"><span class='ocrx_word' id='word_1_130' title='bbox 65 2435 206 2496; x_wconf 80' lang='lat' dir='ltr'><strong><em>Lectores</em></strong></span> <span class='ocrx_word' id='word_1_131' title='bbox 227 2437 266 2498; x_wconf 87' lang='lat' dir='ltr'><strong><em>ad</em></strong></span> <span class='ocrx_word' id='word_1_132' title='bbox 278 2441 459 2514; x_wconf 84' lang='lat' dir='ltr'><strong><em>sequentem</em></strong></span> <span class='ocrx_word' id='word_1_133' title='bbox 480 2439 643 2496; x_wconf 83' lang='lat' dir='ltr'><strong><em>venustam</em></strong></span> <span class='ocrx_word' id='word_1_134' title='bbox 657 2432 831 2512; x_wconf 89' lang='lat' dir='ltr'><strong><em>amplitica-</em></strong></span> 
     </span>
     <span class='ocr_line' id='line_1_23' title="bbox 65 2524 830 2605; baseline 0.004 -21"><span class='ocrx_word' id='word_1_135' title='bbox 65 2526 187 2604; x_wconf 82' lang='lat' dir='ltr'><strong><em>tionem,</em></strong></span> <span class='ocrx_word' id='word_1_136' title='bbox 197 2529 231 2589; x_wconf 93' lang='lat' dir='ltr'><strong><em>in</em></strong></span> <span class='ocrx_word' id='word_1_137' title='bbox 245 2528 374 2588; x_wconf 90' lang='lat' dir='ltr'><strong><em>eacnim</em></strong></span> <span class='ocrx_word' id='word_1_138' title='bbox 384 2527 496 2589; x_wconf 87' lang='lat' dir='ltr'><strong><em>sitaest</em></strong></span> <span class='ocrx_word' id='word_1_139' title='bbox 505 2527 634 2605; x_wconf 80' lang='lat' dir='ltr'><strong><em>insignis</em></strong></span> <span class='ocrx_word' id='word_1_140' title='bbox 648 2524 830 2587; x_wconf 81' lang='lat' dir='ltr'><strong><em>deformatio</em></strong></span> 
     </span>
     <span class='ocr_line' id='line_1_24' title="bbox 63 2620 831 2699; baseline 0.001 -21"><span class='ocrx_word' id='word_1_141' title='bbox 63 2621 220 2680; x_wconf 74' lang='lat' dir='ltr'><strong><em>sententie</em></strong></span> <span class='ocrx_word' id='word_1_142' title='bbox 238 2621 273 2684; x_wconf 88' lang='lat' dir='ltr'><strong><em>P.</em></strong></span> <span class='ocrx_word' id='word_1_143' title='bbox 298 2620 465 2696; x_wconf 83' lang='lat' dir='ltr'><strong><em>La-Croix;</em></strong></span> <span class='ocrx_word' id='word_1_144' title='bbox 482 2620 695 2699; x_wconf 82' lang='lat' dir='ltr'><strong><em>quinconatur</em></strong></span> <span class='ocrx_word' id='word_1_145' title='bbox 707 2636 831 2696; x_wconf 87' lang='lat' dir='ltr'><strong><em>persua-</em></strong></span> 
     </span>
     <span class='ocr_line' id='line_1_25' title="bbox 62 2709 830 2790; baseline 0.001 -19"><span class='ocrx_word' id='word_1_146' title='bbox 62 2711 140 2786; x_wconf 89' lang='lat' dir='ltr'><strong><em>dere,</em></strong></span> <span class='ocrx_word' id='word_1_147' title='bbox 153 2712 241 2774; x_wconf 90' lang='lat' dir='ltr'><strong><em>hunc</em></strong></span> <span class='ocrx_word' id='word_1_148' title='bbox 255 2713 449 2790; x_wconf 72' lang='lat' dir='ltr'><strong><em>&#39;theologum</em></strong></span> <span class='ocrx_word' id='word_1_149' title='bbox 467 2712 553 2790; x_wconf 91' lang='lat' dir='ltr'><strong><em>loqui</em></strong></span> <span class='ocrx_word' id='word_1_150' title='bbox 569 2711 608 2772; x_wconf 88' lang='lat' dir='ltr'><strong><em>de</em></strong></span> <span class='ocrx_word' id='word_1_151' title='bbox 623 2709 716 2770; x_wconf 91' lang='lat' dir='ltr'><strong><em>rebus</em></strong></span> <span class='ocrx_word' id='word_1_152' title='bbox 729 2729 784 2789; x_wconf 88' lang='lat' dir='ltr'><strong><em>per</em></strong></span> <span class='ocrx_word' id='word_1_153' title='bbox 798 2729 830 2772; x_wconf 91' lang='lat' dir='ltr'><strong><em>se</em></strong></span> 
     </span>
     <span class='ocr_line' id='line_1_26' title="bbox 61 2804 832 2882; baseline 0.004 -20"><span class='ocrx_word' id='word_1_154' title='bbox 61 2805 238 2866; x_wconf 71' lang='lat' dir='ltr'><strong><em>amassariis</em></strong></span> <span class='ocrx_word' id='word_1_155' title='bbox 247 2805 284 2866; x_wconf 86' lang='lat' dir='ltr'><strong><em>ad</em></strong></span> <span class='ocrx_word' id='word_1_156' title='bbox 295 2805 547 2866; x_wconf 81' lang='lat' dir='ltr'><strong><em>intercessionem</em></strong></span> <span class='ocrx_word' id='word_1_157' title='bbox 559 2823 566 2864; x_wconf 90' lang='lat'>:</span> <span class='ocrx_word' id='word_1_158' title='bbox 578 2804 710 2882; x_wconf 89' lang='lat' dir='ltr'><strong><em>ideoque</em></strong></span> <span class='ocrx_word' id='word_1_159' title='bbox 721 2821 832 2865; x_wconf 80' lang='lat' dir='ltr'><strong><em>taraia-</em></strong></span> 
     </span>
     <span class='ocr_line' id='line_1_27' title="bbox 59 2893 831 2977; baseline 0.003 -23"><span class='ocrx_word' id='word_1_160' title='bbox 59 2910 143 2974; x_wconf 82' lang='lat' dir='ltr'><strong><em>ssors,</em></strong></span> <span class='ocrx_word' id='word_1_161' title='bbox 159 2915 199 2958; x_wconf 83' lang='lat' dir='ltr'><strong><em>nr</em></strong></span> <span class='ocrx_word' id='word_1_162' title='bbox 220 2914 277 2959; x_wconf 81' lang='lat' dir='ltr'><strong><em>aaa</em></strong></span> <span class='ocrx_word' id='word_1_163' title='bbox 297 2894 490 2977; x_wconf 75' lang='lat' dir='ltr'><strong><em>cannuensis)</em></strong></span> <span class='ocrx_word' id='word_1_164' title='bbox 507 2895 554 2956; x_wconf 87' lang='lat' dir='ltr'><strong><em>lto</em></strong></span> <span class='ocrx_word' id='word_1_165' title='bbox 573 2913 608 2954; x_wconf 88' lang='lat' dir='ltr'><strong><em>ne</em></strong></span> <span class='ocrx_word' id='word_1_166' title='bbox 631 2893 720 2955; x_wconf 87' lang='lat' dir='ltr'><strong><em>aero?</em></strong></span> <span class='ocrx_word' id='word_1_167' title='bbox 743 2895 831 2956; x_wconf 85' lang='lat' dir='ltr'><strong><em>Fieri</em></strong></span> 
     </span>
     <span class='ocr_line' id='line_1_28' title="bbox 58 2986 830 3070; baseline 0 -22"><span class='ocrx_word' id='word_1_168' title='bbox 58 3005 121 3068; x_wconf 82' lang='lat' dir='ltr'><strong><em>erpa</em></strong></span> <span class='ocrx_word' id='word_1_169' title='bbox 132 2997 226 3070; x_wconf 85' lang='lat' dir='ltr'><strong><em>potest</em></strong></span> <span class='ocrx_word' id='word_1_170' title='bbox 241 2987 403 3050; x_wconf 79' lang='lat' dir='ltr'><strong><em>intercessio</em></strong></span> <span class='ocrx_word' id='word_1_171' title='bbox 421 2988 482 3049; x_wconf 87' lang='lat' dir='ltr'><strong><em>sine</em></strong></span> <span class='ocrx_word' id='word_1_172' title='bbox 501 2986 602 3068; x_wconf 85' lang='lat' dir='ltr'><strong><em>aliquo</em></strong></span> <span class='ocrx_word' id='word_1_173' title='bbox 620 2987 759 3067; x_wconf 85' lang='lat' dir='ltr'><strong><em>temporis</em></strong></span> <span class='ocrx_word' id='word_1_174' title='bbox 772 2987 830 3048; x_wconf 88' lang='lat' dir='ltr'><strong><em>dis-</em></strong></span> 
     </span>
     <span class='ocr_line' id='line_1_29' title="bbox 53 3077 831 3160; baseline 0 -20"><span class='ocrx_word' id='word_1_175' title='bbox 53 3079 170 3160; x_wconf 82' lang='lat' dir='ltr'><strong><em>pendio,</em></strong></span> <span class='ocrx_word' id='word_1_176' title='bbox 187 3081 250 3142; x_wconf 86' lang='lat' dir='ltr'><strong><em>sine</em></strong></span> <span class='ocrx_word' id='word_1_177' title='bbox 263 3099 388 3152; x_wconf 86' lang='lat' dir='ltr'><strong><em>accessu,</em></strong></span> <span class='ocrx_word' id='word_1_178' title='bbox 406 3089 432 3142; x_wconf 88' lang='lat' dir='ltr'><strong><em>et</em></strong></span> <span class='ocrx_word' id='word_1_179' title='bbox 446 3097 587 3140; x_wconf 86' lang='lat' dir='ltr'><strong><em>recessua</em></strong></span> <span class='ocrx_word' id='word_1_180' title='bbox 605 3077 774 3140; x_wconf 84' lang='lat' dir='ltr'><strong><em>Collctore?</em></strong></span> <span class='ocrx_word' id='word_1_181' title='bbox 792 3079 831 3142; x_wconf 89' lang='lat' dir='ltr'><strong><em>Si</em></strong></span> 
     </span>
    </p>
   </div>
   <div class='ocr_carea' id='block_1_3' title="bbox 1599 413 1654 476">
    <p class='ocr_par' dir='ltr' id='par_1_4' title="bbox 1599 413 1654 476">
     <span class='ocr_line' id='line_1_30' title="bbox 1599 413 1654 476; baseline -0.018 0"><span class='ocrx_word' id='word_1_182' title='bbox 1599 413 1654 476; x_wconf 80' lang='lat' dir='ltr'><strong><em>tet</em></strong></span> 
     </span>
    </p>
   </div>
   <div class='ocr_carea' id='block_1_4' title="bbox 879 591 1658 3160">
    <p class='ocr_par' dir='ltr' id='par_1_5' title="bbox 887 591 1658 948">
     <span class='ocr_line' id='line_1_31' title="bbox 888 591 1658 668; baseline 0.001 -18"><span class='ocrx_word' id='word_1_183' title='bbox 888 607 1070 652; x_wconf 72' lang='lat' dir='ltr'><strong><em>cananaeus</em></strong></span> <span class='ocrx_word' id='word_1_184' title='bbox 1084 608 1122 652; x_wconf 82' lang='lat' dir='ltr'><strong><em>au</em></strong></span> <span class='ocrx_word' id='word_1_185' title='bbox 1140 607 1401 668; x_wconf 73' lang='lat' dir='ltr'><strong><em>suanacassroaeu3</em></strong></span> <span class='ocrx_word' id='word_1_186' title='bbox 1433 591 1504 652; x_wconf 87' lang='lat' dir='ltr'><strong><em>Siva</em></strong></span> <span class='ocrx_word' id='word_1_187' title='bbox 1517 605 1581 652; x_wconf 76' lang='lat' dir='ltr'><strong><em>stuc</em></strong></span> <span class='ocrx_word' id='word_1_188' title='bbox 1595 605 1658 658; x_wconf 84' lang='lat' dir='ltr'><strong><em>cur-</em></strong></span> 
     </span>
     <span class='ocr_line' id='line_1_32' title="bbox 889 699 1656 752; baseline 0.003 -10"><span class='ocrx_word' id='word_1_189' title='bbox 889 699 941 744; x_wconf 86' lang='lat' dir='ltr'><strong><em>sus</em></strong></span> <span class='ocrx_word' id='word_1_190' title='bbox 960 701 1051 746; x_wconf 73' lang='lat' dir='ltr'><strong><em>uinta</em></strong></span> <span class='ocrx_word' id='word_1_191' title='bbox 1067 701 1187 752; x_wconf 76' lang='lat' dir='ltr'><strong><em>incusat</em></strong></span> <span class='ocrx_word' id='word_1_192' title='bbox 1201 701 1383 745; x_wconf 77' lang='lat' dir='ltr'><strong><em>ranaauassio</em></strong></span> <span class='ocrx_word' id='word_1_193' title='bbox 1403 699 1512 745; x_wconf 72' lang='lat' dir='ltr'><strong><em>umam</em></strong></span> <span class='ocrx_word' id='word_1_194' title='bbox 1539 699 1656 746; x_wconf 80' lang='lat' dir='ltr'><strong><em>rorasr.</em></strong></span> 
     </span>
     <span class='ocr_line' id='line_1_33' title="bbox 889 775 1658 856; baseline -0.001 -20"><span class='ocrx_word' id='word_1_195' title='bbox 889 775 975 837; x_wconf 86' lang='lat' dir='ltr'><strong><em>Patet</em></strong></span> <span class='ocrx_word' id='word_1_196' title='bbox 987 777 1047 837; x_wconf 92' lang='lat' dir='ltr'><strong><em>hoc</em></strong></span> <span class='ocrx_word' id='word_1_197' title='bbox 1065 777 1222 838; x_wconf 82' lang='lat' dir='ltr'><strong><em>evidenter</em></strong></span> <span class='ocrx_word' id='word_1_198' title='bbox 1236 796 1274 837; x_wconf 83' lang='lat' dir='ltr'><strong><em>ex</em></strong></span> <span class='ocrx_word' id='word_1_199' title='bbox 1295 777 1346 837; x_wconf 90' lang='lat' dir='ltr'><strong><em>his</em></strong></span> <span class='ocrx_word' id='word_1_200' title='bbox 1364 777 1472 856; x_wconf 79' lang='lat' dir='ltr'><strong><em>figuris</em></strong></span> <span class='ocrx_word' id='word_1_201' title='bbox 1485 775 1658 855; x_wconf 80' lang='lat' dir='ltr'><strong><em>interroga·</em></strong></span> 
     </span>
     <span class='ocr_line' id='line_1_34' title="bbox 887 868 1656 948; baseline 0.001 -20"><span class='ocrx_word' id='word_1_202' title='bbox 887 868 990 941; x_wconf 89' lang='lat' dir='ltr'><strong><em>tionis,</em></strong></span> <span class='ocrx_word' id='word_1_203' title='bbox 1010 869 1124 948; x_wconf 89' lang='lat' dir='ltr'><strong><em>quibus</em></strong></span> <span class='ocrx_word' id='word_1_204' title='bbox 1149 869 1300 930; x_wconf 88' lang='lat' dir='ltr'><strong><em>declamat</em></strong></span> <span class='ocrx_word' id='word_1_205' title='bbox 1323 876 1431 930; x_wconf 90' lang='lat' dir='ltr'><strong><em>contra</em></strong></span> <span class='ocrx_word' id='word_1_206' title='bbox 1449 870 1484 929; x_wconf 93' lang='lat' dir='ltr'><strong><em>P.</em></strong></span> <span class='ocrx_word' id='word_1_207' title='bbox 1499 869 1656 929; x_wconf 83' lang='lat' dir='ltr'><strong><em>La-Croix.</em></strong></span> 
     </span>
    </p>

    <p class='ocr_par' dir='ltr' id='par_1_6' title="bbox 882 959 1658 1501">
     <span class='ocr_line' id='line_1_35' title="bbox 926 959 1658 1042; baseline -0.003 -20"><span class='ocrx_word' id='word_1_208' title='bbox 926 959 1114 1022; x_wconf 83' lang='lat' dir='ltr'><strong><em>Itoneocro?</em></strong></span> <span class='ocrx_word' id='word_1_209' title='bbox 1137 961 1221 1022; x_wconf 87' lang='lat' dir='ltr'><strong><em>Fieri</em></strong></span> <span class='ocrx_word' id='word_1_210' title='bbox 1244 979 1279 1022; x_wconf 90' lang='lat' dir='ltr'><strong><em>ne</em></strong></span> <span class='ocrx_word' id='word_1_211' title='bbox 1295 969 1393 1042; x_wconf 87' lang='lat' dir='ltr'><strong><em>potest</em></strong></span> <span class='ocrx_word' id='word_1_212' title='bbox 1412 960 1575 1022; x_wconf 80' lang='lat' dir='ltr'><strong><em>intercessio</em></strong></span> <span class='ocrx_word' id='word_1_213' title='bbox 1597 961 1658 1020; x_wconf 88' lang='lat' dir='ltr'><strong><em>sine</em></strong></span> 
     </span>
     <span class='ocr_line' id='line_1_36' title="bbox 886 1051 1657 1134; baseline 0 -22"><span class='ocrx_word' id='word_1_214' title='bbox 886 1051 1657 1134; x_wconf 81' lang='lat' dir='ltr'><strong><em>olr&#39;paotemporisdispendio,sciteaccessn,etrecessu</em></strong></span> 
     </span>
     <span class='ocr_line' id='line_1_37' title="bbox 885 1143 1658 1226; baseline 0 -20"><span class='ocrx_word' id='word_1_215' title='bbox 885 1163 903 1206; x_wconf 91' lang='lat' dir='ltr'><strong><em>o</em></strong></span> <span class='ocrx_word' id='word_1_216' title='bbox 918 1143 1088 1207; x_wconf 86' lang='lat' dir='ltr'><strong><em>Collotore?</em></strong></span> <span class='ocrx_word' id='word_1_217' title='bbox 1103 1144 1143 1206; x_wconf 85' lang='lat' dir='ltr'><strong><em>Si</em></strong></span> <span class='ocrx_word' id='word_1_218' title='bbox 1156 1146 1223 1226; x_wconf 85' lang='lat' dir='ltr'><strong><em>puis</em></strong></span> <span class='ocrx_word' id='word_1_219' title='bbox 1234 1143 1409 1207; x_wconf 82' lang='lat' dir='ltr'><strong><em>intercedere</em></strong></span> <span class='ocrx_word' id='word_1_220' title='bbox 1417 1145 1498 1206; x_wconf 84' lang='lat' dir='ltr'><strong><em>debet</em></strong></span> <span class='ocrx_word' id='word_1_221' title='bbox 1509 1161 1658 1213; x_wconf 74' lang='lat' dir='ltr'><strong><em>tacuerant</em></strong></span> 
     </span>
     <span class='ocr_line' id='line_1_38' title="bbox 887 1237 1652 1315; baseline 0 -17"><span class='ocrx_word' id='word_1_222' title='bbox 887 1253 1027 1313; x_wconf 79' lang='lat' dir='ltr'><strong><em>crearer,</em></strong></span> <span class='ocrx_word' id='word_1_223' title='bbox 1051 1254 1145 1298; x_wconf 84' lang='lat' dir='ltr'><strong><em>nurus</em></strong></span> <span class='ocrx_word' id='word_1_224' title='bbox 1167 1255 1206 1300; x_wconf 85' lang='lat' dir='ltr'><strong><em>ue</em></strong></span> <span class='ocrx_word' id='word_1_225' title='bbox 1233 1237 1448 1299; x_wconf 79' lang='lat' dir='ltr'><strong><em>tarnacessca?</em></strong></span> <span class='ocrx_word' id='word_1_226' title='bbox 1472 1237 1533 1298; x_wconf 86' lang='lat' dir='ltr'><strong><em>Per</em></strong></span> <span class='ocrx_word' id='word_1_227' title='bbox 1552 1242 1652 1315; x_wconf 84' lang='lat' dir='ltr'><strong><em>notus,</em></strong></span> 
     </span>
     <span class='ocr_line' id='line_1_39' title="bbox 882 1327 1658 1411; baseline -0.003 -21"><span class='ocrx_word' id='word_1_228' title='bbox 882 1337 911 1390; x_wconf 88' lang='lat' dir='ltr'><strong><em>et</em></strong></span> <span class='ocrx_word' id='word_1_229' title='bbox 924 1329 1010 1407; x_wconf 79' lang='lat' dir='ltr'><strong><em>sipna</em></strong></span> <span class='ocrx_word' id='word_1_230' title='bbox 1025 1328 1174 1392; x_wconf 80' lang='lat' dir='ltr'><strong><em>intercedit</em></strong></span> <span class='ocrx_word' id='word_1_231' title='bbox 1185 1327 1250 1391; x_wconf 74' lang='lat' dir='ltr'><strong><em>ear</em></strong></span> <span class='ocrx_word' id='word_1_232' title='bbox 1269 1337 1295 1390; x_wconf 90' lang='lat' dir='ltr'><strong><em>et</em></strong></span> <span class='ocrx_word' id='word_1_233' title='bbox 1310 1331 1409 1392; x_wconf 81' lang='lat' dir='ltr'><strong><em>istaut</em></strong></span> <span class='ocrx_word' id='word_1_234' title='bbox 1422 1328 1500 1411; x_wconf 82' lang='lat' dir='ltr'><strong><em>fiant</em></strong></span> <span class='ocrx_word' id='word_1_235' title='bbox 1515 1345 1658 1390; x_wconf 76' lang='lat' dir='ltr'><strong><em>mancare</em></strong></span> 
     </span>
     <span class='ocr_line' id='line_1_40' title="bbox 883 1420 1655 1501; baseline 0 -19"><span class='ocrx_word' id='word_1_236' title='bbox 883 1437 1096 1497; x_wconf 69' lang='lat' dir='ltr'><strong><em>mmavmrau,</em></strong></span> <span class='ocrx_word' id='word_1_237' title='bbox 1111 1439 1267 1496; x_wconf 74' lang='lat' dir='ltr'><strong><em>accessus,</em></strong></span> <span class='ocrx_word' id='word_1_238' title='bbox 1284 1439 1321 1484; x_wconf 85' lang='lat' dir='ltr'><strong><em>nr</em></strong></span> <span class='ocrx_word' id='word_1_239' title='bbox 1335 1438 1481 1484; x_wconf 83' lang='lat' dir='ltr'><strong><em>ancnssun</em></strong></span> <span class='ocrx_word' id='word_1_240' title='bbox 1494 1420 1655 1501; x_wconf 87' lang='lat' dir='ltr'><strong><em>postulant.</em></strong></span> 
     </span>
    </p>

    <p class='ocr_par' dir='ltr' id='par_1_7' title="bbox 881 1513 1658 2500">
     <span class='ocr_line' id='line_1_41' title="bbox 923 1513 1658 1594; baseline 0 -20"><span class='ocrx_word' id='word_1_241' title='bbox 923 1513 1018 1593; x_wconf 83' lang='lat' dir='ltr'><strong><em>Atqui</em></strong></span> <span class='ocrx_word' id='word_1_242' title='bbox 1040 1514 1107 1574; x_wconf 86' lang='lat' dir='ltr'><strong><em>istae</em></strong></span> <span class='ocrx_word' id='word_1_243' title='bbox 1135 1532 1230 1575; x_wconf 82' lang='lat' dir='ltr'><strong><em>mcroe</em></strong></span> <span class='ocrx_word' id='word_1_244' title='bbox 1254 1519 1327 1579; x_wconf 90' lang='lat' dir='ltr'><strong><em>sunt</em></strong></span> <span class='ocrx_word' id='word_1_245' title='bbox 1349 1515 1539 1594; x_wconf 74' lang='lat' dir='ltr'><strong><em>impostore.</em></strong></span> <span class='ocrx_word' id='word_1_246' title='bbox 1569 1515 1658 1574; x_wconf 88' lang='lat' dir='ltr'><strong><em>Pater</em></strong></span> 
     </span>
     <span class='ocr_line' id='line_1_42' title="bbox 883 1606 1658 1684; baseline -0.001 -16"><span class='ocrx_word' id='word_1_247' title='bbox 883 1607 1035 1668; x_wconf 77' lang='lat' dir='ltr'><strong><em>Lat-Croix</em></strong></span> <span class='ocrx_word' id='word_1_248' title='bbox 1056 1625 1121 1668; x_wconf 91' lang='lat' dir='ltr'><strong><em>non</em></strong></span> <span class='ocrx_word' id='word_1_249' title='bbox 1143 1612 1189 1667; x_wconf 89' lang='lat' dir='ltr'><strong><em>est</em></strong></span> <span class='ocrx_word' id='word_1_250' title='bbox 1208 1609 1251 1666; x_wconf 90' lang='lat' dir='ltr'><strong><em>ita</em></strong></span> <span class='ocrx_word' id='word_1_251' title='bbox 1269 1607 1393 1684; x_wconf 88' lang='lat' dir='ltr'><strong><em>bardus,</em></strong></span> <span class='ocrx_word' id='word_1_252' title='bbox 1417 1613 1448 1667; x_wconf 88' lang='lat' dir='ltr'><strong><em>et</em></strong></span> <span class='ocrx_word' id='word_1_253' title='bbox 1462 1606 1601 1678; x_wconf 89' lang='lat' dir='ltr'><strong><em>stolidus,</em></strong></span> <span class='ocrx_word' id='word_1_254' title='bbox 1622 1613 1658 1667; x_wconf 91' lang='lat' dir='ltr'><strong><em>ut</em></strong></span> 
     </span>
     <span class='ocr_line' id='line_1_43' title="bbox 882 1698 1656 1778; baseline 0 -20"><span class='ocrx_word' id='word_1_255' title='bbox 882 1699 1015 1778; x_wconf 80' lang='lat' dir='ltr'><strong><em>ignoret,</em></strong></span> <span class='ocrx_word' id='word_1_256' title='bbox 1029 1699 1280 1760; x_wconf 88' lang='lat' dir='ltr'><strong><em>intercessionem</em></strong></span> <span class='ocrx_word' id='word_1_257' title='bbox 1293 1699 1362 1760; x_wconf 87' lang='lat' dir='ltr'><strong><em>fieri</em></strong></span> <span class='ocrx_word' id='word_1_258' title='bbox 1377 1716 1442 1759; x_wconf 87' lang='lat' dir='ltr'><strong><em>non</em></strong></span> <span class='ocrx_word' id='word_1_259' title='bbox 1462 1715 1561 1777; x_wconf 90' lang='lat' dir='ltr'><strong><em>passe,</em></strong></span> <span class='ocrx_word' id='word_1_260' title='bbox 1580 1698 1656 1777; x_wconf 91' lang='lat' dir='ltr'><strong><em>quin</em></strong></span> 
     </span>
     <span class='ocr_line' id='line_1_44' title="bbox 883 1790 1657 1863; baseline 0.001 -13"><span class='ocrx_word' id='word_1_261' title='bbox 883 1790 1066 1851; x_wconf 87' lang='lat' dir='ltr'><strong><em>intercessor</em></strong></span> <span class='ocrx_word' id='word_1_262' title='bbox 1079 1791 1145 1851; x_wconf 90' lang='lat' dir='ltr'><strong><em>loco</em></strong></span> <span class='ocrx_word' id='word_1_263' title='bbox 1160 1809 1192 1852; x_wconf 88' lang='lat' dir='ltr'><strong><em>se</em></strong></span> <span class='ocrx_word' id='word_1_264' title='bbox 1206 1797 1341 1863; x_wconf 78' lang='lat' dir='ltr'><strong><em>moveat,</em></strong></span> <span class='ocrx_word' id='word_1_265' title='bbox 1361 1797 1397 1851; x_wconf 90' lang='lat' dir='ltr'><strong><em>ut</em></strong></span> <span class='ocrx_word' id='word_1_266' title='bbox 1411 1795 1461 1852; x_wconf 88' lang='lat' dir='ltr'><strong><em>eat</em></strong></span> <span class='ocrx_word' id='word_1_267' title='bbox 1476 1794 1506 1850; x_wconf 88' lang='lat' dir='ltr'><strong><em>et</em></strong></span> <span class='ocrx_word' id='word_1_268' title='bbox 1519 1791 1657 1851; x_wconf 89' lang='lat' dir='ltr'><strong><em>redeata</em></strong></span> 
     </span>
     <span class='ocr_line' id='line_1_45' title="bbox 884 1882 1656 1962; baseline -0.001 -19"><span class='ocrx_word' id='word_1_269' title='bbox 884 1883 1049 1960; x_wconf 85' lang='lat' dir='ltr'><strong><em>Collatore,</em></strong></span> <span class='ocrx_word' id='word_1_270' title='bbox 1065 1888 1096 1944; x_wconf 90' lang='lat' dir='ltr'><strong><em>et</em></strong></span> <span class='ocrx_word' id='word_1_271' title='bbox 1108 1884 1185 1962; x_wconf 92' lang='lat' dir='ltr'><strong><em>quin</em></strong></span> <span class='ocrx_word' id='word_1_272' title='bbox 1195 1883 1330 1944; x_wconf 88' lang='lat' dir='ltr'><strong><em>insumat</em></strong></span> <span class='ocrx_word' id='word_1_273' title='bbox 1343 1882 1471 1962; x_wconf 88' lang='lat' dir='ltr'><strong><em>aliquod</em></strong></span> <span class='ocrx_word' id='word_1_274' title='bbox 1479 1889 1605 1962; x_wconf 89' lang='lat' dir='ltr'><strong><em>tempas</em></strong></span> <span class='ocrx_word' id='word_1_275' title='bbox 1622 1883 1656 1942; x_wconf 92' lang='lat' dir='ltr'><strong><em>in</em></strong></span> 
     </span>
     <span class='ocr_line' id='line_1_46' title="bbox 883 1973 1654 2055; baseline -0.003 -19"><span class='ocrx_word' id='word_1_276' title='bbox 883 1976 1027 2036; x_wconf 88' lang='lat' dir='ltr'><strong><em>cundoet</em></strong></span> <span class='ocrx_word' id='word_1_277' title='bbox 1040 1975 1210 2050; x_wconf 87' lang='lat' dir='ltr'><strong><em>redeunda,</em></strong></span> <span class='ocrx_word' id='word_1_278' title='bbox 1226 1982 1257 2036; x_wconf 91' lang='lat' dir='ltr'><strong><em>et</em></strong></span> <span class='ocrx_word' id='word_1_279' title='bbox 1268 1975 1392 2055; x_wconf 81' lang='lat' dir='ltr'><strong><em>aliquod</em></strong></span> <span class='ocrx_word' id='word_1_280' title='bbox 1411 1973 1538 2054; x_wconf 62' lang='lat' dir='ltr'><strong><em>&#39;tempus</em></strong></span> <span class='ocrx_word' id='word_1_281' title='bbox 1561 1979 1654 2053; x_wconf 90' lang='lat' dir='ltr'><strong><em>atque</em></strong></span> 
     </span>
     <span class='ocr_line' id='line_1_47' title="bbox 882 2067 1656 2148; baseline -0.001 -20"><span class='ocrx_word' id='word_1_282' title='bbox 882 2068 1018 2148; x_wconf 81' lang='lat' dir='ltr'><strong><em>aliquem</em></strong></span> <span class='ocrx_word' id='word_1_283' title='bbox 1038 2069 1100 2129; x_wconf 89' lang='lat' dir='ltr'><strong><em>oris</em></strong></span> <span class='ocrx_word' id='word_1_284' title='bbox 1114 2069 1259 2147; x_wconf 87' lang='lat' dir='ltr'><strong><em>spiritum</em></strong></span> <span class='ocrx_word' id='word_1_285' title='bbox 1268 2069 1301 2128; x_wconf 91' lang='lat' dir='ltr'><strong><em>in</em></strong></span> <span class='ocrx_word' id='word_1_286' title='bbox 1316 2068 1503 2148; x_wconf 90' lang='lat' dir='ltr'><strong><em>alloquendo</em></strong></span> <span class='ocrx_word' id='word_1_287' title='bbox 1525 2067 1656 2128; x_wconf 73' lang='lat' dir='ltr'><strong><em>(tolleto-</em></strong></span> 
     </span>
     <span class='ocr_line' id='line_1_48' title="bbox 882 2161 1654 2240; baseline -0.003 -18"><span class='ocrx_word' id='word_1_288' title='bbox 882 2179 959 2222; x_wconf 89' lang='lat' dir='ltr'><strong><em>rem.</em></strong></span> <span class='ocrx_word' id='word_1_289' title='bbox 971 2162 1077 2240; x_wconf 91' lang='lat' dir='ltr'><strong><em>Neque</em></strong></span> <span class='ocrx_word' id='word_1_290' title='bbox 1084 2166 1130 2221; x_wconf 90' lang='lat' dir='ltr'><strong><em>est</em></strong></span> <span class='ocrx_word' id='word_1_291' title='bbox 1142 2161 1187 2220; x_wconf 86' lang='lat' dir='ltr'><strong><em>ita</em></strong></span> <span class='ocrx_word' id='word_1_292' title='bbox 1199 2161 1357 2240; x_wconf 90' lang='lat' dir='ltr'><strong><em>insipiens,</em></strong></span> <span class='ocrx_word' id='word_1_293' title='bbox 1375 2165 1411 2222; x_wconf 90' lang='lat' dir='ltr'><strong><em>ut</em></strong></span> <span class='ocrx_word' id='word_1_294' title='bbox 1424 2161 1541 2236; x_wconf 90' lang='lat' dir='ltr'><strong><em>doceat,</em></strong></span> <span class='ocrx_word' id='word_1_295' title='bbox 1565 2178 1654 2239; x_wconf 89' lang='lat' dir='ltr'><strong><em>posse</em></strong></span> 
     </span>
     <span class='ocr_line' id='line_1_49' title="bbox 882 2252 1652 2333; baseline -0.003 -19"><span class='ocrx_word' id='word_1_296' title='bbox 882 2254 973 2329; x_wconf 76' lang='lat' dir='ltr'><strong><em>uadi,</em></strong></span> <span class='ocrx_word' id='word_1_297' title='bbox 999 2254 1050 2313; x_wconf 87' lang='lat' dir='ltr'><strong><em>vel</em></strong></span> <span class='ocrx_word' id='word_1_298' title='bbox 1075 2253 1172 2332; x_wconf 83' lang='lat' dir='ltr'><strong><em>accipi</em></strong></span> <span class='ocrx_word' id='word_1_299' title='bbox 1197 2253 1361 2331; x_wconf 90' lang='lat' dir='ltr'><strong><em>pecuniam</em></strong></span> <span class='ocrx_word' id='word_1_300' title='bbox 1386 2271 1442 2333; x_wconf 88' lang='lat' dir='ltr'><strong><em>pro</em></strong></span> <span class='ocrx_word' id='word_1_301' title='bbox 1471 2252 1537 2314; x_wconf 90' lang='lat' dir='ltr'><strong><em>istis</em></strong></span> <span class='ocrx_word' id='word_1_302' title='bbox 1559 2268 1652 2324; x_wconf 86' lang='lat' dir='ltr'><strong><em>noru,</em></strong></span> 
     </span>
     <span class='ocr_line' id='line_1_50' title="bbox 882 2360 1655 2422; baseline -0.003 -15"><span class='ocrx_word' id='word_1_303' title='bbox 882 2363 1037 2422; x_wconf 76' lang='lat' dir='ltr'><strong><em>marcar,</em></strong></span> <span class='ocrx_word' id='word_1_304' title='bbox 1059 2363 1098 2406; x_wconf 82' lang='lat' dir='ltr'><strong><em>nr</em></strong></span> <span class='ocrx_word' id='word_1_305' title='bbox 1118 2360 1311 2406; x_wconf 74' lang='lat' dir='ltr'><strong><em>ntocurrora</em></strong></span> <span class='ocrx_word' id='word_1_306' title='bbox 1332 2360 1520 2420; x_wconf 79' lang='lat' dir='ltr'><strong><em>tamtusecu,</em></strong></span> <span class='ocrx_word' id='word_1_307' title='bbox 1542 2360 1579 2403; x_wconf 82' lang='lat' dir='ltr'><strong><em>nr</em></strong></span> <span class='ocrx_word' id='word_1_308' title='bbox 1599 2360 1655 2405; x_wconf 79' lang='lat' dir='ltr'><strong><em>aaa</em></strong></span> 
     </span>
     <span class='ocr_line' id='line_1_51' title="bbox 881 2453 1426 2500; baseline -0.007 0"><span class='ocrx_word' id='word_1_309' title='bbox 881 2455 915 2500; x_wconf 83' lang='lat' dir='ltr'><strong><em>sn</em></strong></span> <span class='ocrx_word' id='word_1_310' title='bbox 929 2453 1110 2500; x_wconf 70' lang='lat' dir='ltr'><strong><em>recrescens</em></strong></span> <span class='ocrx_word' id='word_1_311' title='bbox 1121 2454 1161 2498; x_wconf 85' lang='lat' dir='ltr'><strong><em>an</em></strong></span> <span class='ocrx_word' id='word_1_312' title='bbox 1173 2453 1426 2498; x_wconf 78' lang='lat' dir='ltr'><strong><em>mrnacnssrcaeu.</em></strong></span> 
     </span>
    </p>

    <p class='ocr_par' dir='ltr' id='par_1_8' title="bbox 879 2529 1654 3160">
     <span class='ocr_line' id='line_1_52' title="bbox 923 2529 1654 2608; baseline -0.003 -18"><span class='ocrx_word' id='word_1_313' title='bbox 923 2531 984 2592; x_wconf 86' lang='lat' dir='ltr'><strong><em>Sed</em></strong></span> <span class='ocrx_word' id='word_1_314' title='bbox 990 2531 1129 2608; x_wconf 87' lang='lat' dir='ltr'><strong><em>loquitur</em></strong></span> <span class='ocrx_word' id='word_1_315' title='bbox 1137 2530 1176 2590; x_wconf 91' lang='lat' dir='ltr'><strong><em>de</em></strong></span> <span class='ocrx_word' id='word_1_316' title='bbox 1184 2545 1301 2589; x_wconf 75' lang='lat' dir='ltr'><strong><em>tritara</em></strong></span> <span class='ocrx_word' id='word_1_317' title='bbox 1311 2544 1477 2602; x_wconf 73' lang='lat' dir='ltr'><strong><em>strumoso,</em></strong></span> <span class='ocrx_word' id='word_1_318' title='bbox 1490 2529 1528 2588; x_wconf 91' lang='lat' dir='ltr'><strong><em>de</em></strong></span> <span class='ocrx_word' id='word_1_319' title='bbox 1538 2545 1654 2588; x_wconf 76' lang='lat' dir='ltr'><strong><em>isiacae</em></strong></span> 
     </span>
     <span class='ocr_line' id='line_1_53' title="bbox 880 2619 1652 2699; baseline -0.008 -14"><span class='ocrx_word' id='word_1_320' title='bbox 880 2639 1020 2685; x_wconf 80' lang='lat' dir='ltr'><strong><em>asennaa</em></strong></span> <span class='ocrx_word' id='word_1_321' title='bbox 1044 2639 1082 2682; x_wconf 79' lang='lat' dir='ltr'><strong><em>an</em></strong></span> <span class='ocrx_word' id='word_1_322' title='bbox 1104 2637 1301 2682; x_wconf 80' lang='lat' dir='ltr'><strong><em>cotiaroanu.</em></strong></span> <span class='ocrx_word' id='word_1_323' title='bbox 1323 2621 1430 2699; x_wconf 90' lang='lat' dir='ltr'><strong><em>Neque</em></strong></span> <span class='ocrx_word' id='word_1_324' title='bbox 1453 2619 1536 2680; x_wconf 88' lang='lat' dir='ltr'><strong><em>enim</em></strong></span> <span class='ocrx_word' id='word_1_325' title='bbox 1560 2619 1652 2698; x_wconf 91' lang='lat' dir='ltr'><strong><em>dicit,</em></strong></span> 
     </span>
     <span class='ocr_line' id='line_1_54' title="bbox 880 2711 1650 2787; baseline -0.003 -11"><span class='ocrx_word' id='word_1_326' title='bbox 880 2715 995 2787; x_wconf 88' lang='lat' dir='ltr'><strong><em>eundo,</em></strong></span> <span class='ocrx_word' id='word_1_327' title='bbox 1010 2714 1208 2776; x_wconf 89' lang='lat' dir='ltr'><strong><em>etredenndo</em></strong></span> <span class='ocrx_word' id='word_1_328' title='bbox 1220 2729 1240 2773; x_wconf 83' lang='lat' dir='ltr'><strong><em>a</em></strong></span> <span class='ocrx_word' id='word_1_329' title='bbox 1253 2729 1426 2786; x_wconf 77' lang='lat' dir='ltr'><strong><em>ooamroan,</em></strong></span> <span class='ocrx_word' id='word_1_330' title='bbox 1447 2715 1483 2772; x_wconf 90' lang='lat' dir='ltr'><strong><em>ut</em></strong></span> <span class='ocrx_word' id='word_1_331' title='bbox 1497 2711 1601 2772; x_wconf 88' lang='lat' dir='ltr'><strong><em>scribit</em></strong></span> <span class='ocrx_word' id='word_1_332' title='bbox 1617 2712 1650 2774; x_wconf 95' lang='lat' dir='ltr'><strong><em>P.</em></strong></span> 
     </span>
     <span class='ocr_line' id='line_1_55' title="bbox 880 2803 1654 2886; baseline -0.003 -18"><span class='ocrx_word' id='word_1_333' title='bbox 880 2809 1035 2880; x_wconf 78' lang='lat' dir='ltr'><strong><em>Carreum,</em></strong></span> <span class='ocrx_word' id='word_1_334' title='bbox 1065 2806 1178 2886; x_wconf 91' lang='lat' dir='ltr'><strong><em>quibus</em></strong></span> <span class='ocrx_word' id='word_1_335' title='bbox 1209 2804 1312 2865; x_wconf 81' lang='lat' dir='ltr'><strong><em>verbis</em></strong></span> <span class='ocrx_word' id='word_1_336' title='bbox 1338 2803 1528 2880; x_wconf 71' lang='lat' dir='ltr'><strong><em>significatur</em></strong></span> <span class='ocrx_word' id='word_1_337' title='bbox 1549 2822 1654 2866; x_wconf 87' lang='lat' dir='ltr'><strong><em>merus</em></strong></span> 
     </span>
     <span class='ocr_line' id='line_1_56' title="bbox 879 2896 1654 2972; baseline -0.005 -10"><span class='ocrx_word' id='word_1_338' title='bbox 879 2917 1017 2963; x_wconf 76' lang='lat' dir='ltr'><strong><em>accessus</em></strong></span> <span class='ocrx_word' id='word_1_339' title='bbox 1037 2906 1107 2967; x_wconf 82' lang='lat' dir='ltr'><strong><em>nost</em></strong></span> <span class='ocrx_word' id='word_1_340' title='bbox 1125 2897 1366 2971; x_wconf 80' lang='lat' dir='ltr'><strong><em>accessam3sed</em></strong></span> <span class='ocrx_word' id='word_1_341' title='bbox 1392 2896 1465 2957; x_wconf 90' lang='lat' dir='ltr'><strong><em>dicit</em></strong></span> <span class='ocrx_word' id='word_1_342' title='bbox 1484 2896 1598 2972; x_wconf 87' lang='lat' dir='ltr'><strong><em>eundo,</em></strong></span> <span class='ocrx_word' id='word_1_343' title='bbox 1623 2901 1654 2958; x_wconf 86' lang='lat' dir='ltr'><strong><em>ei</em></strong></span> 
     </span>
     <span class='ocr_line' id='line_1_57' title="bbox 879 2987 1654 3068; baseline -0.005 -14"><span class='ocrx_word' id='word_1_344' title='bbox 879 2993 1038 3054; x_wconf 88' lang='lat' dir='ltr'><strong><em>redeundo</em></strong></span> <span class='ocrx_word' id='word_1_345' title='bbox 1059 3009 1098 3052; x_wconf 81' lang='lat' dir='ltr'><strong><em>aa</em></strong></span> <span class='ocrx_word' id='word_1_346' title='bbox 1115 3005 1311 3061; x_wconf 73' lang='lat' dir='ltr'><strong><em>comanensis,</em></strong></span> <span class='ocrx_word' id='word_1_347' title='bbox 1335 2988 1449 3068; x_wconf 89' lang='lat' dir='ltr'><strong><em>quibus</em></strong></span> <span class='ocrx_word' id='word_1_348' title='bbox 1462 2987 1654 3067; x_wconf 79' lang='lat' dir='ltr'><strong><em>significatam</em></strong></span> 
     </span>
     <span class='ocr_line' id='line_1_58' title="bbox 880 3079 1653 3160; baseline -0.008 -12"><span class='ocrx_word' id='word_1_349' title='bbox 880 3101 1036 3148; x_wconf 78' lang='lat' dir='ltr'><strong><em>caesurus</em></strong></span> <span class='ocrx_word' id='word_1_350' title='bbox 1057 3101 1203 3144; x_wconf 82' lang='lat' dir='ltr'><strong><em>aacnssus</em></strong></span> <span class='ocrx_word' id='word_1_351' title='bbox 1222 3083 1373 3142; x_wconf 74' lang='lat' dir='ltr'><strong><em>Praeterea</em></strong></span> <span class='ocrx_word' id='word_1_352' title='bbox 1388 3099 1453 3141; x_wconf 92' lang='lat' dir='ltr'><strong><em>non</em></strong></span> <span class='ocrx_word' id='word_1_353' title='bbox 1466 3079 1653 3160; x_wconf 90' lang='lat' dir='ltr'><strong><em>loquiturde</em></strong></span> 
     </span>
    </p>
   </div>
   <div class='ocr_carea' id='block_1_5' title="bbox 44 3170 1706 5655">
    <p class='ocr_par' dir='ltr' id='par_1_9' title="bbox 44 3170 1706 5655">
     <span class='ocr_line' id='line_1_59' title="bbox 56 3170 1655 3255; baseline -0.007 -24"><span class='ocrx_word' id='word_1_354' title='bbox 56 3172 118 3252; x_wconf 87' lang='lat' dir='ltr'><strong><em>quis</em></strong></span> <span class='ocrx_word' id='word_1_355' title='bbox 128 3171 402 3246; x_wconf 84' lang='lat' dir='ltr'><strong><em>intercederedebet,</em></strong></span> <span class='ocrx_word' id='word_1_356' title='bbox 416 3170 683 3252; x_wconf 82' lang='lat' dir='ltr'><strong><em>loquaturoportet.</em></strong></span> <span class='ocrx_word' id='word_1_357' title='bbox 697 3171 741 3250; x_wconf 74' lang='lat' dir='ltr'><strong><em>(P.</em></strong></span> <span class='ocrx_word' id='word_1_358' title='bbox 754 3173 832 3232; x_wconf 86' lang='lat' dir='ltr'><strong><em>Cou-</em></strong></span> <span class='ocrx_word' id='word_1_359' title='bbox 882 3193 1054 3248; x_wconf 74' lang='lat' dir='ltr'><strong><em>Quocunque</em></strong></span> <span class='ocrx_word' id='word_1_360' title='bbox 1067 3175 1228 3255; x_wconf 88' lang='lat' dir='ltr'><strong><em>dispendio</em></strong></span> <span class='ocrx_word' id='word_1_361' title='bbox 1240 3174 1405 3253; x_wconf 88' lang='lat' dir='ltr'><strong><em>temporis;</em></strong></span> <span class='ocrx_word' id='word_1_362' title='bbox 1419 3172 1472 3234; x_wconf 87' lang='lat' dir='ltr'><strong><em>sed</em></strong></span> <span class='ocrx_word' id='word_1_363' title='bbox 1481 3173 1519 3232; x_wconf 90' lang='lat' dir='ltr'><strong><em>de</em></strong></span> <span class='ocrx_word' id='word_1_364' title='bbox 1533 3172 1655 3252; x_wconf 80' lang='lat' dir='ltr'><strong><em>dispen.</em></strong></span> 
     </span>
     <span class='ocr_line' id='line_1_60' title="bbox 57 3261 1653 3349; baseline 0.003 -25"><span class='ocrx_word' id='word_1_365' title='bbox 57 3265 125 3324; x_wconf 90' lang='lat' dir='ltr'><strong><em>cina</em></strong></span> <span class='ocrx_word' id='word_1_366' title='bbox 147 3266 240 3326; x_wconf 90' lang='lat' dir='ltr'><strong><em>docet</em></strong></span> <span class='ocrx_word' id='word_1_367' title='bbox 262 3282 319 3326; x_wconf 91' lang='lat' dir='ltr'><strong><em>nos</em></strong></span> <span class='ocrx_word' id='word_1_368' title='bbox 341 3283 391 3326; x_wconf 89' lang='lat' dir='ltr'><strong><em>res</em></strong></span> <span class='ocrx_word' id='word_1_369' title='bbox 413 3264 502 3324; x_wconf 85' lang='lat' dir='ltr'><strong><em>ualde</em></strong></span> <span class='ocrx_word' id='word_1_370' title='bbox 521 3261 666 3342; x_wconf 87' lang='lat' dir='ltr'><strong><em>retrusas)</em></strong></span> <span class='ocrx_word' id='word_1_371' title='bbox 683 3263 783 3324; x_wconf 71' lang='lat' dir='ltr'><strong><em>Matar</em></strong></span> <span class='ocrx_word' id='word_1_372' title='bbox 797 3283 831 3325; x_wconf 88' lang='lat' dir='ltr'><strong><em>ne</em></strong></span> <span class='ocrx_word' id='word_1_373' title='bbox 881 3271 943 3344; x_wconf 87' lang='lat' dir='ltr'><strong><em>dio,</em></strong></span> <span class='ocrx_word' id='word_1_374' title='bbox 961 3269 1042 3349; x_wconf 93' lang='lat' dir='ltr'><strong><em>quod</em></strong></span> <span class='ocrx_word' id='word_1_375' title='bbox 1057 3268 1165 3329; x_wconf 79' lang='lat' dir='ltr'><strong><em>atteret</em></strong></span> <span class='ocrx_word' id='word_1_376' title='bbox 1188 3267 1338 3326; x_wconf 89' lang='lat' dir='ltr'><strong><em>damnum</em></strong></span> <span class='ocrx_word' id='word_1_377' title='bbox 1360 3265 1565 3338; x_wconf 82' lang='lat' dir='ltr'><strong><em>intercessori,</em></strong></span> <span class='ocrx_word' id='word_1_378' title='bbox 1580 3267 1653 3345; x_wconf 89' lang='lat' dir='ltr'><strong><em>quia</em></strong></span> 
     </span>
     <span class='ocr_line' id='line_1_61' title="bbox 58 3353 1651 3443; baseline 0.002 -27"><span class='ocrx_word' id='word_1_379' title='bbox 58 3356 251 3420; x_wconf 83' lang='lat' dir='ltr'><strong><em>intercessor?</em></strong></span> <span class='ocrx_word' id='word_1_380' title='bbox 268 3358 329 3417; x_wconf 87' lang='lat' dir='ltr'><strong><em>Per</em></strong></span> <span class='ocrx_word' id='word_1_381' title='bbox 341 3365 440 3430; x_wconf 87' lang='lat' dir='ltr'><strong><em>natos,</em></strong></span> <span class='ocrx_word' id='word_1_382' title='bbox 457 3363 485 3418; x_wconf 90' lang='lat' dir='ltr'><strong><em>et</em></strong></span> <span class='ocrx_word' id='word_1_383' title='bbox 502 3355 587 3434; x_wconf 79' lang='lat' dir='ltr'><strong><em>sipna</em></strong></span> <span class='ocrx_word' id='word_1_384' title='bbox 603 3353 780 3416; x_wconf 86' lang='lat' dir='ltr'><strong><em>intercedet?</em></strong></span> <span class='ocrx_word' id='word_1_385' title='bbox 791 3359 831 3418; x_wconf 85' lang='lat' dir='ltr'><strong><em>At</em></strong></span> <span class='ocrx_word' id='word_1_386' title='bbox 880 3363 982 3443; x_wconf 86' lang='lat' dir='ltr'><strong><em>privat</em></strong></span> <span class='ocrx_word' id='word_1_387' title='bbox 991 3363 1080 3422; x_wconf 90' lang='lat' dir='ltr'><strong><em>illum</em></strong></span> <span class='ocrx_word' id='word_1_388' title='bbox 1088 3360 1191 3438; x_wconf 87' lang='lat' dir='ltr'><strong><em>aliqua</em></strong></span> <span class='ocrx_word' id='word_1_389' title='bbox 1202 3358 1333 3419; x_wconf 88' lang='lat' dir='ltr'><strong><em>utilitate</em></strong></span> <span class='ocrx_word' id='word_1_390' title='bbox 1343 3375 1408 3418; x_wconf 92' lang='lat' dir='ltr'><strong><em>non</em></strong></span> <span class='ocrx_word' id='word_1_391' title='bbox 1415 3375 1493 3436; x_wconf 88' lang='lat' dir='ltr'><strong><em>pure</em></strong></span> <span class='ocrx_word' id='word_1_392' title='bbox 1503 3357 1651 3439; x_wconf 90' lang='lat' dir='ltr'><strong><em>possibili,</em></strong></span> 
     </span>
     <span class='ocr_line' id='line_1_62' title="bbox 55 3449 1653 3534; baseline 0.001 -26"><span class='ocrx_word' id='word_1_393' title='bbox 55 3457 83 3508; x_wconf 88' lang='lat' dir='ltr'><strong><em>et</em></strong></span> <span class='ocrx_word' id='word_1_394' title='bbox 95 3449 156 3512; x_wconf 85' lang='lat' dir='ltr'><strong><em>isto</em></strong></span> <span class='ocrx_word' id='word_1_395' title='bbox 166 3459 201 3510; x_wconf 87' lang='lat' dir='ltr'><strong><em>nt</em></strong></span> <span class='ocrx_word' id='word_1_396' title='bbox 208 3451 283 3528; x_wconf 76' lang='lat' dir='ltr'><strong><em>fiant</em></strong></span> <span class='ocrx_word' id='word_1_397' title='bbox 296 3466 439 3510; x_wconf 81' lang='lat' dir='ltr'><strong><em>ruuroa1s</em></strong></span> <span class='ocrx_word' id='word_1_398' title='bbox 449 3464 662 3522; x_wconf 80' lang='lat' dir='ltr'><strong><em>rumavanuu,</em></strong></span> <span class='ocrx_word' id='word_1_399' title='bbox 673 3465 828 3522; x_wconf 68' lang='lat' dir='ltr'><strong><em>accentu,</em></strong></span> <span class='ocrx_word' id='word_1_400' title='bbox 880 3456 1037 3534; x_wconf 83' lang='lat' dir='ltr'><strong><em>sedquam</em></strong></span> <span class='ocrx_word' id='word_1_401' title='bbox 1050 3471 1158 3514; x_wconf 80' lang='lat' dir='ltr'><strong><em>revera</em></strong></span> <span class='ocrx_word' id='word_1_402' title='bbox 1178 3459 1254 3512; x_wconf 89' lang='lat' dir='ltr'><strong><em>tunc</em></strong></span> <span class='ocrx_word' id='word_1_403' title='bbox 1271 3451 1453 3530; x_wconf 86' lang='lat' dir='ltr'><strong><em>perciperet,</em></strong></span> <span class='ocrx_word' id='word_1_404' title='bbox 1473 3451 1500 3510; x_wconf 90' lang='lat' dir='ltr'><strong><em>si</em></strong></span> <span class='ocrx_word' id='word_1_405' title='bbox 1523 3467 1560 3510; x_wconf 90' lang='lat' dir='ltr'><strong><em>eo</em></strong></span> <span class='ocrx_word' id='word_1_406' title='bbox 1573 3455 1653 3512; x_wconf 88' lang='lat' dir='ltr'><strong><em>tem·</em></strong></span> 
     </span>
     <span class='ocr_line' id='line_1_63' title="bbox 54 3539 1706 3628; baseline -0.007 -28"><span class='ocrx_word' id='word_1_407' title='bbox 54 3558 91 3602; x_wconf 82' lang='lat' dir='ltr'><strong><em>er</em></strong></span> <span class='ocrx_word' id='word_1_408' title='bbox 111 3559 263 3604; x_wconf 77' lang='lat' dir='ltr'><strong><em>necessum</em></strong></span> <span class='ocrx_word' id='word_1_409' title='bbox 284 3558 446 3604; x_wconf 70' lang='lat' dir='ltr'><strong><em>coarctarer</em></strong></span> <span class='ocrx_word' id='word_1_410' title='bbox 458 3539 832 3620; x_wconf 81' lang='lat' dir='ltr'><strong><em>(sincdubi03seddehoc</em></strong></span> <span class='ocrx_word' id='word_1_411' title='bbox 880 3565 957 3628; x_wconf 77' lang='lat' dir='ltr'><strong><em>pore</em></strong></span> <span class='ocrx_word' id='word_1_412' title='bbox 969 3546 1072 3608; x_wconf 64' lang='lat' dir='ltr'><strong><em>insilia</em></strong></span> <span class='ocrx_word' id='word_1_413' title='bbox 1087 3563 1182 3625; x_wconf 71' lang='lat' dir='ltr'><strong><em>opera</em></strong></span> <span class='ocrx_word' id='word_1_414' title='bbox 1194 3543 1400 3620; x_wconf 69' lang='lat' dir='ltr'><strong><em>incumberet,</em></strong></span> <span class='ocrx_word' id='word_1_415' title='bbox 1423 3541 1570 3621; x_wconf 71' lang='lat' dir='ltr'><strong><em>aquibus</em></strong></span> <span class='ocrx_word' id='word_1_416' title='bbox 1583 3541 1652 3602; x_wconf 68' lang='lat' dir='ltr'><strong><em>ahs.</em></strong></span> <span class='ocrx_word' id='word_1_417' title='bbox 1697 3565 1706 3580; x_wconf 87' lang='lat'><strong>·</strong></span> 
     </span>
     <span class='ocr_line' id='line_1_64' title="bbox 54 3634 1654 3717; baseline -0.001 -22"><span class='ocrx_word' id='word_1_418' title='bbox 54 3637 206 3715; x_wconf 87' lang='lat' dir='ltr'><strong><em>temporis</em></strong></span> <span class='ocrx_word' id='word_1_419' title='bbox 214 3634 386 3711; x_wconf 86' lang='lat' dir='ltr'><strong><em>intervallo,</em></strong></span> <span class='ocrx_word' id='word_1_420' title='bbox 399 3651 533 3708; x_wconf 89' lang='lat' dir='ltr'><strong><em>accessu,</em></strong></span> <span class='ocrx_word' id='word_1_421' title='bbox 545 3638 576 3693; x_wconf 89' lang='lat' dir='ltr'><strong><em>et</em></strong></span> <span class='ocrx_word' id='word_1_422' title='bbox 584 3649 707 3693; x_wconf 89' lang='lat' dir='ltr'><strong><em>recessu</em></strong></span> <span class='ocrx_word' id='word_1_423' title='bbox 718 3651 772 3710; x_wconf 88' lang='lat' dir='ltr'><strong><em>per</em></strong></span> <span class='ocrx_word' id='word_1_424' title='bbox 786 3652 829 3709; x_wconf 91' lang='lat' dir='ltr'><strong><em>se,</em></strong></span> <span class='ocrx_word' id='word_1_425' title='bbox 881 3641 980 3702; x_wconf 78' lang='lat' dir='ltr'><strong><em>tinere</em></strong></span> <span class='ocrx_word' id='word_1_426' title='bbox 994 3639 1115 3717; x_wconf 84' lang='lat' dir='ltr'><strong><em>cogitur</em></strong></span> <span class='ocrx_word' id='word_1_427' title='bbox 1125 3638 1158 3697; x_wconf 90' lang='lat' dir='ltr'><strong><em>ia</em></strong></span> <span class='ocrx_word' id='word_1_428' title='bbox 1172 3636 1239 3714; x_wconf 89' lang='lat' dir='ltr'><strong><em>ejus</em></strong></span> <span class='ocrx_word' id='word_1_429' title='bbox 1256 3635 1399 3714; x_wconf 83' lang='lat' dir='ltr'><strong><em>gratiam,</em></strong></span> <span class='ocrx_word' id='word_1_430' title='bbox 1421 3651 1478 3712; x_wconf 92' lang='lat' dir='ltr'><strong><em>pro</em></strong></span> <span class='ocrx_word' id='word_1_431' title='bbox 1492 3651 1554 3712; x_wconf 91' lang='lat' dir='ltr'><strong><em>quo</em></strong></span> <span class='ocrx_word' id='word_1_432' title='bbox 1574 3651 1654 3712; x_wconf 87' lang='lat' dir='ltr'><strong><em>saepe</em></strong></span> 
     </span>
     <span class='ocr_line' id='line_1_65' title="bbox 53 3725 1656 3804; baseline 0 -18"><span class='ocrx_word' id='word_1_433' title='bbox 53 3733 84 3786; x_wconf 89' lang='lat' dir='ltr'><strong><em>ct</em></strong></span> <span class='ocrx_word' id='word_1_434' title='bbox 101 3729 277 3790; x_wconf 84' lang='lat' dir='ltr'><strong><em>extrinsece</em></strong></span> <span class='ocrx_word' id='word_1_435' title='bbox 301 3726 478 3788; x_wconf 88' lang='lat' dir='ltr'><strong><em>necessariis</em></strong></span> <span class='ocrx_word' id='word_1_436' title='bbox 497 3725 536 3786; x_wconf 90' lang='lat' dir='ltr'><strong><em>ad</em></strong></span> <span class='ocrx_word' id='word_1_437' title='bbox 556 3725 727 3804; x_wconf 87' lang='lat' dir='ltr'><strong><em>quamlibet</em></strong></span> <span class='ocrx_word' id='word_1_438' title='bbox 739 3726 832 3786; x_wconf 90' lang='lat' dir='ltr'><strong><em>iater-</em></strong></span> <span class='ocrx_word' id='word_1_439' title='bbox 882 3749 969 3794; x_wconf 67' lang='lat' dir='ltr'><strong><em>azara</em></strong></span> <span class='ocrx_word' id='word_1_440' title='bbox 996 3749 1035 3792; x_wconf 74' lang='lat' dir='ltr'><strong><em>aa</em></strong></span> <span class='ocrx_word' id='word_1_441' title='bbox 1063 3745 1258 3791; x_wconf 80' lang='lat' dir='ltr'><strong><em>canaroaau.</em></strong></span> <span class='ocrx_word' id='word_1_442' title='bbox 1276 3728 1352 3793; x_wconf 83' lang='lat' dir='ltr'><strong><em>Qnae</em></strong></span> <span class='ocrx_word' id='word_1_443' title='bbox 1367 3725 1474 3785; x_wconf 87' lang='lat' dir='ltr'><strong><em>omnia</em></strong></span> <span class='ocrx_word' id='word_1_444' title='bbox 1486 3725 1656 3786; x_wconf 87' lang='lat' dir='ltr'><strong><em>extrinseca</em></strong></span> 
     </span>
     <span class='ocr_line' id='line_1_66' title="bbox 53 3815 1652 3902; baseline -0.005 -16"><span class='ocrx_word' id='word_1_445' title='bbox 53 3821 247 3896; x_wconf 80' lang='lat' dir='ltr'><strong><em>cessionem,</em></strong></span> <span class='ocrx_word' id='word_1_446' title='bbox 271 3839 364 3881; x_wconf 81' lang='lat' dir='ltr'><strong><em>nemo</em></strong></span> <span class='ocrx_word' id='word_1_447' title='bbox 388 3815 534 3898; x_wconf 74' lang='lat' dir='ltr'><strong><em>loquitur)</em></strong></span> <span class='ocrx_word' id='word_1_448' title='bbox 561 3835 621 3878; x_wconf 67' lang='lat' dir='ltr'><strong><em>TAM</em></strong></span> <span class='ocrx_word' id='word_1_449' title='bbox 650 3835 832 3880; x_wconf 76' lang='lat' dir='ltr'><strong><em>RtDttUttntA</em></strong></span> <span class='ocrx_word' id='word_1_450' title='bbox 882 3831 965 3898; x_wconf 87' lang='lat' dir='ltr'><strong><em>suat,</em></strong></span> <span class='ocrx_word' id='word_1_451' title='bbox 988 3830 1024 3883; x_wconf 89' lang='lat' dir='ltr'><strong><em>ut</em></strong></span> <span class='ocrx_word' id='word_1_452' title='bbox 1037 3829 1132 3902; x_wconf 90' lang='lat' dir='ltr'><strong><em>patet,</em></strong></span> <span class='ocrx_word' id='word_1_453' title='bbox 1155 3825 1185 3880; x_wconf 89' lang='lat' dir='ltr'><strong><em>ct</em></strong></span> <span class='ocrx_word' id='word_1_454' title='bbox 1203 3819 1408 3880; x_wconf 81' lang='lat' dir='ltr'><strong><em>accidentaria</em></strong></span> <span class='ocrx_word' id='word_1_455' title='bbox 1429 3817 1652 3892; x_wconf 87' lang='lat' dir='ltr'><strong><em>intercessioni,</em></strong></span> 
     </span>
     <span class='ocr_line' id='line_1_67' title="bbox 52 3909 1655 3997; baseline -0.001 -25"><span class='ocrx_word' id='word_1_456' title='bbox 52 3930 216 3976; x_wconf 79' lang='lat' dir='ltr'><strong><em>aaaaucxa</em></strong></span> <span class='ocrx_word' id='word_1_457' title='bbox 240 3911 376 3992; x_wconf 76' lang='lat' dir='ltr'><strong><em>refellere</em></strong></span> <span class='ocrx_word' id='word_1_458' title='bbox 400 3909 507 3992; x_wconf 67' lang='lat' dir='ltr'><strong><em>copon?</em></strong></span> <span class='ocrx_word' id='word_1_459' title='bbox 530 3911 661 3990; x_wconf 77' lang='lat' dir='ltr'><strong><em>(cogitur</em></strong></span> <span class='ocrx_word' id='word_1_460' title='bbox 680 3929 699 3970; x_wconf 91' lang='lat' dir='ltr'><strong><em>a</em></strong></span> <span class='ocrx_word' id='word_1_461' title='bbox 719 3911 829 3991; x_wconf 90' lang='lat' dir='ltr'><strong><em>seipso,</em></strong></span> <span class='ocrx_word' id='word_1_462' title='bbox 881 3911 1655 3997; x_wconf 79' lang='lat' dir='ltr'><strong><em>quaeperseloquendohaberipotestsrneinunan</em></strong></span> 
     </span>
     <span class='ocr_line' id='line_1_68' title="bbox 53 4001 1656 4086; baseline -0.01 -21"><span class='ocrx_word' id='word_1_463' title='bbox 53 4006 107 4084; x_wconf 88' lang='lat' dir='ltr'><strong><em>qui</em></strong></span> <span class='ocrx_word' id='word_1_464' title='bbox 122 4007 180 4067; x_wconf 84' lang='lat' dir='ltr'><strong><em>illa</em></strong></span> <span class='ocrx_word' id='word_1_465' title='bbox 194 4003 287 4086; x_wconf 83' lang='lat' dir='ltr'><strong><em>cudit)</em></strong></span> <span class='ocrx_word' id='word_1_466' title='bbox 305 4004 375 4080; x_wconf 83' lang='lat' dir='ltr'><strong><em>Out&#39;s</em></strong></span> <span class='ocrx_word' id='word_1_467' title='bbox 388 4011 449 4065; x_wconf 85' lang='lat' dir='ltr'><strong><em>torn</em></strong></span> <span class='ocrx_word' id='word_1_468' title='bbox 471 4001 585 4072; x_wconf 75' lang='lat' dir='ltr'><strong><em>stultat,</em></strong></span> <span class='ocrx_word' id='word_1_469' title='bbox 601 4001 655 4082; x_wconf 81' lang='lat' dir='ltr'><strong><em>qai</em></strong></span> <span class='ocrx_word' id='word_1_470' title='bbox 666 4022 723 4062; x_wconf 86' lang='lat' dir='ltr'><strong><em>non</em></strong></span> <span class='ocrx_word' id='word_1_471' title='bbox 741 4002 828 4082; x_wconf 71' lang='lat' dir='ltr'><strong><em>ditat,</em></strong></span> <span class='ocrx_word' id='word_1_472' title='bbox 881 4024 1047 4084; x_wconf 70' lang='lat' dir='ltr'><strong><em>mamaea,</em></strong></span> <span class='ocrx_word' id='word_1_473' title='bbox 1063 4023 1100 4068; x_wconf 82' lang='lat' dir='ltr'><strong><em>ET</em></strong></span> <span class='ocrx_word' id='word_1_474' title='bbox 1124 4021 1227 4066; x_wconf 63' lang='lat' dir='ltr'><strong><em>septus</em></strong></span> <span class='ocrx_word' id='word_1_475' title='bbox 1242 4019 1394 4079; x_wconf 71' lang='lat' dir='ltr'><strong><em>Rssenrlro,</em></strong></span> <span class='ocrx_word' id='word_1_476' title='bbox 1409 4019 1446 4062; x_wconf 80' lang='lat' dir='ltr'><strong><em>ET</em></strong></span> <span class='ocrx_word' id='word_1_477' title='bbox 1466 4017 1530 4062; x_wconf 77' lang='lat' dir='ltr'><strong><em>Stat:</em></strong></span> <span class='ocrx_word' id='word_1_478' title='bbox 1542 4017 1656 4064; x_wconf 63' lang='lat' dir='ltr'><strong><em>mspup.</em></strong></span> 
     </span>
     <span class='ocr_line' id='line_1_69' title="bbox 49 4094 1655 4177; baseline -0.007 -9"><span class='ocrx_word' id='word_1_479' title='bbox 49 4102 211 4177; x_wconf 75' lang='lat' dir='ltr'><strong><em>ptcum&#39;am</em></strong></span> <span class='ocrx_word' id='word_1_480' title='bbox 225 4117 253 4160; x_wconf 71' lang='lat' dir='ltr'><strong><em>st</em></strong></span> <span class='ocrx_word' id='word_1_481' title='bbox 268 4095 382 4158; x_wconf 76' lang='lat' dir='ltr'><strong><em>tracen</em></strong></span> <span class='ocrx_word' id='word_1_482' title='bbox 395 4115 453 4156; x_wconf 57' lang='grc' dir='ltr'><strong><em>ἢθη</em></strong></span> <span class='ocrx_word' id='word_1_483' title='bbox 472 4113 532 4176; x_wconf 69' lang='lat' dir='ltr'><strong><em>Pit&gt;</em></strong></span> <span class='ocrx_word' id='word_1_484' title='bbox 553 4094 766 4168; x_wconf 67' lang='lat' dir='ltr'><strong><em>inittttttt‘mtn</em></strong></span> <span class='ocrx_word' id='word_1_485' title='bbox 782 4099 832 4158; x_wconf 78' lang='lat' dir='ltr'><strong><em>ted</em></strong></span> <span class='ocrx_word' id='word_1_486' title='bbox 881 4119 930 4164; x_wconf 85' lang='lat' dir='ltr'><strong><em>nro</em></strong></span> <span class='ocrx_word' id='word_1_487' title='bbox 954 4116 1095 4162; x_wconf 83' lang='lat' dir='ltr'><strong><em>reuroms</em></strong></span> <span class='ocrx_word' id='word_1_488' title='bbox 1121 4114 1202 4172; x_wconf 78' lang='lat' dir='ltr'><strong><em>rati,</em></strong></span> <span class='ocrx_word' id='word_1_489' title='bbox 1233 4113 1269 4158; x_wconf 88' lang='lat' dir='ltr'><strong><em>ur</em></strong></span> <span class='ocrx_word' id='word_1_490' title='bbox 1296 4111 1429 4156; x_wconf 70' lang='lat' dir='ltr'><strong><em>merear</em></strong></span> <span class='ocrx_word' id='word_1_491' title='bbox 1455 4109 1655 4156; x_wconf 76' lang='lat' dir='ltr'><strong><em>lamecensem</em></strong></span> 
     </span>
     <span class='ocr_line' id='line_1_70' title="bbox 51 4187 1656 4266; baseline -0.004 -14"><span class='ocrx_word' id='word_1_492' title='bbox 51 4207 108 4252; x_wconf 82' lang='lat' dir='ltr'><strong><em>rao</em></strong></span> <span class='ocrx_word' id='word_1_493' title='bbox 130 4207 281 4266; x_wconf 61' lang='lat' dir='ltr'><strong><em>rannone</em></strong></span> <span class='ocrx_word' id='word_1_494' title='bbox 294 4206 368 4258; x_wconf 85' lang='lat' dir='ltr'><strong><em>cuca</em></strong></span> <span class='ocrx_word' id='word_1_495' title='bbox 380 4204 525 4250; x_wconf 73' lang='lat' dir='ltr'><strong><em>susannae</em></strong></span> <span class='ocrx_word' id='word_1_496' title='bbox 535 4203 727 4248; x_wconf 77' lang='lat' dir='ltr'><strong><em>larnaitessoa</em></strong></span> <span class='ocrx_word' id='word_1_497' title='bbox 738 4205 832 4250; x_wconf 82' lang='lat' dir='ltr'><strong><em>nnana</em></strong></span> <span class='ocrx_word' id='word_1_498' title='bbox 882 4211 995 4255; x_wconf 79' lang='lat' dir='ltr'><strong><em>ancara</em></strong></span> <span class='ocrx_word' id='word_1_499' title='bbox 1013 4209 1145 4266; x_wconf 78' lang='lat' dir='ltr'><strong><em>cassans,</em></strong></span> <span class='ocrx_word' id='word_1_500' title='bbox 1161 4207 1219 4250; x_wconf 85' lang='lat' dir='ltr'><strong><em>aur</em></strong></span> <span class='ocrx_word' id='word_1_501' title='bbox 1233 4203 1356 4250; x_wconf 83' lang='lat' dir='ltr'><strong><em>nauaun</em></strong></span> <span class='ocrx_word' id='word_1_502' title='bbox 1377 4202 1537 4248; x_wconf 78' lang='lat' dir='ltr'><strong><em>aunacnrc.</em></strong></span> <span class='ocrx_word' id='word_1_503' title='bbox 1552 4187 1590 4246; x_wconf 89' lang='lat' dir='ltr'><strong><em>Et</em></strong></span> <span class='ocrx_word' id='word_1_504' title='bbox 1599 4204 1656 4265; x_wconf 91' lang='lat' dir='ltr'><strong><em>pro</em></strong></span> 
     </span>
     <span class='ocr_line' id='line_1_71' title="bbox 50 4278 1656 4361; baseline -0.002 -18"><span class='ocrx_word' id='word_1_505' title='bbox 50 4299 80 4344; x_wconf 82' lang='lat' dir='ltr'><strong><em>aa</em></strong></span> <span class='ocrx_word' id='word_1_506' title='bbox 102 4299 271 4359; x_wconf 72' lang='lat' dir='ltr'><strong><em>coecatus,</em></strong></span> <span class='ocrx_word' id='word_1_507' title='bbox 293 4299 322 4343; x_wconf 82' lang='lat' dir='ltr'><strong><em>rs</em></strong></span> <span class='ocrx_word' id='word_1_508' title='bbox 343 4297 451 4356; x_wconf 80' lang='lat' dir='ltr'><strong><em>susac,</em></strong></span> <span class='ocrx_word' id='word_1_509' title='bbox 470 4297 507 4340; x_wconf 82' lang='lat' dir='ltr'><strong><em>ar</em></strong></span> <span class='ocrx_word' id='word_1_510' title='bbox 537 4279 714 4341; x_wconf 78' lang='lat' dir='ltr'><strong><em>sensusne?</em></strong></span> <span class='ocrx_word' id='word_1_511' title='bbox 741 4279 830 4361; x_wconf 81' lang='lat' dir='ltr'><strong><em>(Dixi,</em></strong></span> <span class='ocrx_word' id='word_1_512' title='bbox 881 4286 942 4346; x_wconf 91' lang='lat' dir='ltr'><strong><em>illis</em></strong></span> <span class='ocrx_word' id='word_1_513' title='bbox 956 4283 1143 4358; x_wconf 79' lang='lat' dir='ltr'><strong><em>extrinsecis,</em></strong></span> <span class='ocrx_word' id='word_1_514' title='bbox 1170 4287 1200 4342; x_wconf 89' lang='lat' dir='ltr'><strong><em>et</em></strong></span> <span class='ocrx_word' id='word_1_515' title='bbox 1221 4279 1433 4341; x_wconf 86' lang='lat' dir='ltr'><strong><em>accidentariis</em></strong></span> <span class='ocrx_word' id='word_1_516' title='bbox 1446 4278 1656 4340; x_wconf 87' lang='lat' dir='ltr'><strong><em>intercessioni</em></strong></span> 
     </span>
     <span class='ocr_line' id='line_1_72' title="bbox 51 4371 1655 4456; baseline -0.002 -20"><span class='ocrx_word' id='word_1_517' title='bbox 51 4381 230 4456; x_wconf 84' lang='lat' dir='ltr'><strong><em>strepeto;</em></strong></span> <span class='ocrx_word' id='word_1_518' title='bbox 250 4392 306 4454; x_wconf 90' lang='lat' dir='ltr'><strong><em>pro</em></strong></span> <span class='ocrx_word' id='word_1_519' title='bbox 328 4375 388 4434; x_wconf 90' lang='lat' dir='ltr'><strong><em>hoc</em></strong></span> <span class='ocrx_word' id='word_1_520' title='bbox 414 4372 541 4451; x_wconf 86' lang='lat' dir='ltr'><strong><em>praeciso</em></strong></span> <span class='ocrx_word' id='word_1_521' title='bbox 564 4379 715 4449; x_wconf 82' lang='lat' dir='ltr'><strong><em>tempore,</em></strong></span> <span class='ocrx_word' id='word_1_522' title='bbox 739 4391 832 4434; x_wconf 89' lang='lat' dir='ltr'><strong><em>nemo</em></strong></span> <span class='ocrx_word' id='word_1_523' title='bbox 882 4379 970 4438; x_wconf 89' lang='lat' dir='ltr'><strong><em>docet</em></strong></span> <span class='ocrx_word' id='word_1_524' title='bbox 983 4395 1071 4456; x_wconf 88' lang='lat' dir='ltr'><strong><em>posse</em></strong></span> <span class='ocrx_word' id='word_1_525' title='bbox 1086 4373 1204 4454; x_wconf 88' lang='lat' dir='ltr'><strong><em>aliquid</em></strong></span> <span class='ocrx_word' id='word_1_526' title='bbox 1224 4371 1486 4447; x_wconf 81' lang='lat' dir='ltr'><strong><em>tradi3monendo</em></strong></span> <span class='ocrx_word' id='word_1_527' title='bbox 1499 4376 1655 4433; x_wconf 86' lang='lat' dir='ltr'><strong><em>tamenne</em></strong></span> 
     </span>
     <span class='ocr_line' id='line_1_73' title="bbox 50 4463 1655 4551; baseline -0.002 -23"><span class='ocrx_word' id='word_1_528' title='bbox 50 4468 140 4543; x_wconf 83' lang='lat' dir='ltr'><strong><em>dicit,</em></strong></span> <span class='ocrx_word' id='word_1_529' title='bbox 157 4485 247 4546; x_wconf 86' lang='lat' dir='ltr'><strong><em>posse</em></strong></span> <span class='ocrx_word' id='word_1_530' title='bbox 261 4465 431 4546; x_wconf 89' lang='lat' dir='ltr'><strong><em>quidquam</em></strong></span> <span class='ocrx_word' id='word_1_531' title='bbox 446 4463 553 4542; x_wconf 88' lang='lat' dir='ltr'><strong><em>accipi,</em></strong></span> <span class='ocrx_word' id='word_1_532' title='bbox 567 4463 614 4524; x_wconf 86' lang='lat' dir='ltr'><strong><em>vel</em></strong></span> <span class='ocrx_word' id='word_1_533' title='bbox 625 4464 714 4544; x_wconf 81' lang='lat' dir='ltr'><strong><em>tradi)</em></strong></span> <span class='ocrx_word' id='word_1_534' title='bbox 731 4482 833 4526; x_wconf 78' lang='lat' dir='ltr'><strong><em>terina</em></strong></span> <span class='ocrx_word' id='word_1_535' title='bbox 882 4471 952 4551; x_wconf 89' lang='lat' dir='ltr'><strong><em>plus</em></strong></span> <span class='ocrx_word' id='word_1_536' title='bbox 964 4469 1117 4538; x_wconf 81' lang='lat' dir='ltr'><strong><em>tradatur,</em></strong></span> <span class='ocrx_word' id='word_1_537' title='bbox 1143 4482 1239 4544; x_wconf 89' lang='lat' dir='ltr'><strong><em>quam</em></strong></span> <span class='ocrx_word' id='word_1_538' title='bbox 1252 4464 1360 4543; x_wconf 89' lang='lat' dir='ltr'><strong><em>quanti</em></strong></span> <span class='ocrx_word' id='word_1_539' title='bbox 1387 4464 1468 4524; x_wconf 77' lang='lat' dir='ltr'><strong><em>valet</em></strong></span> <span class='ocrx_word' id='word_1_540' title='bbox 1492 4463 1543 4524; x_wconf 92' lang='lat' dir='ltr'><strong><em>ille</em></strong></span> <span class='ocrx_word' id='word_1_541' title='bbox 1567 4463 1655 4524; x_wconf 88' lang='lat' dir='ltr'><strong><em>labor</em></strong></span> 
     </span>
     <span class='ocr_line' id='line_1_74' title="bbox 49 4554 1587 4636; baseline -0.003 -16"><span class='ocrx_word' id='word_1_542' title='bbox 49 4576 119 4620; x_wconf 68' lang='lat' dir='ltr'><strong><em>nnc</em></strong></span> <span class='ocrx_word' id='word_1_543' title='bbox 149 4576 190 4620; x_wconf 80' lang='lat' dir='ltr'><strong><em>nr</em></strong></span> <span class='ocrx_word' id='word_1_544' title='bbox 217 4575 351 4620; x_wconf 72' lang='lat' dir='ltr'><strong><em>vanusne</em></strong></span> <span class='ocrx_word' id='word_1_545' title='bbox 373 4555 451 4616; x_wconf 75' lang='lat' dir='ltr'><strong><em>arilei</em></strong></span> <span class='ocrx_word' id='word_1_546' title='bbox 484 4554 623 4617; x_wconf 74' lang='lat' dir='ltr'><strong><em>videntur</em></strong></span> <span class='ocrx_word' id='word_1_547' title='bbox 654 4573 830 4634; x_wconf 73' lang='lat' dir='ltr'><strong><em>comare,</em></strong></span> <span class='ocrx_word' id='word_1_548' title='bbox 883 4563 1083 4636; x_wconf 82' lang='lat' dir='ltr'><strong><em>extrinsecas,</em></strong></span> <span class='ocrx_word' id='word_1_549' title='bbox 1097 4565 1128 4620; x_wconf 88' lang='lat' dir='ltr'><strong><em>et</em></strong></span> <span class='ocrx_word' id='word_1_550' title='bbox 1139 4557 1218 4619; x_wconf 92' lang='lat' dir='ltr'><strong><em>illud</em></strong></span> <span class='ocrx_word' id='word_1_551' title='bbox 1227 4557 1378 4617; x_wconf 90' lang='lat' dir='ltr'><strong><em>damnum</em></strong></span> <span class='ocrx_word' id='word_1_552' title='bbox 1388 4555 1587 4616; x_wconf 87' lang='lat' dir='ltr'><strong><em>accidentale.</em></strong></span> 
     </span>
     <span class='ocr_line' id='line_1_75' title="bbox 50 4646 1654 4734; baseline -0.003 -22"><span class='ocrx_word' id='word_1_553' title='bbox 50 4653 157 4734; x_wconf 83' lang='lat' dir='ltr'><strong><em>(cnjus</em></strong></span> <span class='ocrx_word' id='word_1_554' title='bbox 173 4649 254 4732; x_wconf 85' lang='lat' dir='ltr'><strong><em>sunt)</em></strong></span> <span class='ocrx_word' id='word_1_555' title='bbox 271 4669 323 4711; x_wconf 90' lang='lat' dir='ltr'><strong><em>nec</em></strong></span> <span class='ocrx_word' id='word_1_556' title='bbox 347 4646 459 4720; x_wconf 84' lang='lat' dir='ltr'><strong><em>debito,</em></strong></span> <span class='ocrx_word' id='word_1_557' title='bbox 488 4647 562 4728; x_wconf 85' lang='lat' dir='ltr'><strong><em>quin</em></strong></span> <span class='ocrx_word' id='word_1_558' title='bbox 587 4646 664 4708; x_wconf 87' lang='lat' dir='ltr'><strong><em>tolio</em></strong></span> <span class='ocrx_word' id='word_1_559' title='bbox 690 4667 833 4730; x_wconf 83' lang='lat' dir='ltr'><strong><em>apparere</em></strong></span> <span class='ocrx_word' id='word_1_560' title='bbox 923 4652 1191 4728; x_wconf 86' lang='lat' dir='ltr'><strong><em>Quemadmodum</em></strong></span> <span class='ocrx_word' id='word_1_561' title='bbox 1206 4654 1241 4710; x_wconf 90' lang='lat' dir='ltr'><strong><em>ut</em></strong></span> <span class='ocrx_word' id='word_1_562' title='bbox 1255 4649 1402 4710; x_wconf 87' lang='lat' dir='ltr'><strong><em>Sacerdos</em></strong></span> <span class='ocrx_word' id='word_1_563' title='bbox 1416 4648 1507 4709; x_wconf 86' lang='lat' dir='ltr'><strong><em>iaciat</em></strong></span> <span class='ocrx_word' id='word_1_564' title='bbox 1520 4666 1654 4724; x_wconf 90' lang='lat' dir='ltr'><strong><em>sacrum,</em></strong></span> 
     </span>
     <span class='ocr_line' id='line_1_76' title="bbox 48 4740 1656 4820; baseline -0.003 -15"><span class='ocrx_word' id='word_1_565' title='bbox 48 4742 127 4805; x_wconf 85' lang='lat' dir='ltr'><strong><em>aliis</em></strong></span> <span class='ocrx_word' id='word_1_566' title='bbox 142 4742 274 4804; x_wconf 84' lang='lat' dir='ltr'><strong><em>debeant.</em></strong></span> <span class='ocrx_word' id='word_1_567' title='bbox 882 4745 1091 4808; x_wconf 88' lang='lat' dir='ltr'><strong><em>necessarium</em></strong></span> <span class='ocrx_word' id='word_1_568' title='bbox 1118 4749 1174 4818; x_wconf 88' lang='lat' dir='ltr'><strong><em>est,</em></strong></span> <span class='ocrx_word' id='word_1_569' title='bbox 1197 4749 1232 4802; x_wconf 92' lang='lat' dir='ltr'><strong><em>nt</em></strong></span> <span class='ocrx_word' id='word_1_570' title='bbox 1246 4746 1308 4817; x_wconf 88' lang='lat' dir='ltr'><strong><em>eat,</em></strong></span> <span class='ocrx_word' id='word_1_571' title='bbox 1323 4746 1355 4802; x_wconf 89' lang='lat' dir='ltr'><strong><em>et</em></strong></span> <span class='ocrx_word' id='word_1_572' title='bbox 1367 4740 1473 4801; x_wconf 88' lang='lat' dir='ltr'><strong><em>redeat</em></strong></span> <span class='ocrx_word' id='word_1_573' title='bbox 1486 4740 1525 4801; x_wconf 90' lang='lat' dir='ltr'><strong><em>ab</em></strong></span> <span class='ocrx_word' id='word_1_574' title='bbox 1552 4740 1656 4820; x_wconf 89' lang='lat' dir='ltr'><strong><em>aliqua</em></strong></span> 
     </span>
     <span class='ocr_line' id='line_1_77' title="bbox 92 4833 1653 4914; baseline -0.003 -18"><span class='ocrx_word' id='word_1_575' title='bbox 92 4835 282 4896; x_wconf 69' lang='lat' dir='ltr'><strong><em>audiendus</em></strong></span> <span class='ocrx_word' id='word_1_576' title='bbox 291 4852 376 4896; x_wconf 90' lang='lat' dir='ltr'><strong><em>nunc</em></strong></span> <span class='ocrx_word' id='word_1_577' title='bbox 387 4837 424 4895; x_wconf 93' lang='lat' dir='ltr'><strong><em>P.</em></strong></span> <span class='ocrx_word' id='word_1_578' title='bbox 441 4833 546 4894; x_wconf 89' lang='lat' dir='ltr'><strong><em>Noceti</em></strong></span> <span class='ocrx_word' id='word_1_579' title='bbox 556 4835 653 4914; x_wconf 88' lang='lat' dir='ltr'><strong><em>capite</em></strong></span> <span class='ocrx_word' id='word_1_580' title='bbox 660 4851 734 4897; x_wconf 82' lang='lat' dir='ltr'><strong><em>xcix.</em></strong></span> <span class='ocrx_word' id='word_1_581' title='bbox 747 4837 835 4898; x_wconf 86' lang='lat' dir='ltr'><strong><em>Veri·</em></strong></span> <span class='ocrx_word' id='word_1_582' title='bbox 884 4839 1017 4901; x_wconf 89' lang='lat' dir='ltr'><strong><em>Ecclesia</em></strong></span> <span class='ocrx_word' id='word_1_583' title='bbox 1027 4837 1219 4913; x_wconf 89' lang='lat' dir='ltr'><strong><em>;ctinsumat</em></strong></span> <span class='ocrx_word' id='word_1_584' title='bbox 1232 4834 1359 4914; x_wconf 87' lang='lat' dir='ltr'><strong><em>aliquod</em></strong></span> <span class='ocrx_word' id='word_1_585' title='bbox 1368 4839 1491 4912; x_wconf 90' lang='lat' dir='ltr'><strong><em>tempus</em></strong></span> <span class='ocrx_word' id='word_1_586' title='bbox 1501 4833 1653 4908; x_wconf 89' lang='lat' dir='ltr'><strong><em>ineundo,</em></strong></span> 
     </span>
     <span class='ocr_line' id='line_1_78' title="bbox 47 4925 1656 5006; baseline -0.001 -18"><span class='ocrx_word' id='word_1_587' title='bbox 47 4927 127 4988; x_wconf 87' lang='lat' dir='ltr'><strong><em>tatis</em></strong></span> <span class='ocrx_word' id='word_1_588' title='bbox 152 4927 337 4988; x_wconf 75' lang='lat' dir='ltr'><strong><em>Vindicate.</em></strong></span> <span class='ocrx_word' id='word_1_589' title='bbox 364 4927 396 4988; x_wconf 89' lang='lat' dir='ltr'><strong><em>Si</em></strong></span> <span class='ocrx_word' id='word_1_590' title='bbox 426 4929 463 4987; x_wconf 93' lang='lat' dir='ltr'><strong><em>P.</em></strong></span> <span class='ocrx_word' id='word_1_591' title='bbox 487 4926 625 4986; x_wconf 81' lang='lat' dir='ltr'><strong><em>concina</em></strong></span> <span class='ocrx_word' id='word_1_592' title='bbox 653 4929 835 4990; x_wconf 89' lang='lat' dir='ltr'><strong><em>adulterinis</em></strong></span> <span class='ocrx_word' id='word_1_593' title='bbox 884 4939 915 4994; x_wconf 88' lang='lat' dir='ltr'><strong><em>et</em></strong></span> <span class='ocrx_word' id='word_1_594' title='bbox 928 4929 1138 4992; x_wconf 85' lang='lat' dir='ltr'><strong><em>sacrificando.</em></strong></span> <span class='ocrx_word' id='word_1_595' title='bbox 1155 4929 1194 4988; x_wconf 90' lang='lat' dir='ltr'><strong><em>Et</em></strong></span> <span class='ocrx_word' id='word_1_596' title='bbox 1218 4926 1291 5006; x_wconf 91' lang='lat' dir='ltr'><strong><em>quia</em></strong></span> <span class='ocrx_word' id='word_1_597' title='bbox 1304 4925 1361 4985; x_wconf 87' lang='lat' dir='ltr'><strong><em>ista</em></strong></span> <span class='ocrx_word' id='word_1_598' title='bbox 1391 4929 1464 4984; x_wconf 89' lang='lat' dir='ltr'><strong><em>sant</em></strong></span> <span class='ocrx_word' id='word_1_599' title='bbox 1491 4925 1656 4986; x_wconf 87' lang='lat' dir='ltr'><strong><em>intrinseca</em></strong></span> 
     </span>
     <span class='ocr_line' id='line_1_79' title="bbox 47 5017 1656 5104; baseline -0.001 -24"><span class='ocrx_word' id='word_1_600' title='bbox 47 5019 217 5080; x_wconf 86' lang='lat' dir='ltr'><strong><em>coloribus</em></strong></span> <span class='ocrx_word' id='word_1_601' title='bbox 226 5037 290 5080; x_wconf 89' lang='lat' dir='ltr'><strong><em>non</em></strong></span> <span class='ocrx_word' id='word_1_602' title='bbox 309 5019 510 5080; x_wconf 80' lang='lat' dir='ltr'><strong><em>deformasset</em></strong></span> <span class='ocrx_word' id='word_1_603' title='bbox 524 5020 710 5081; x_wconf 89' lang='lat' dir='ltr'><strong><em>sententiam</em></strong></span> <span class='ocrx_word' id='word_1_604' title='bbox 724 5022 757 5081; x_wconf 93' lang='lat' dir='ltr'><strong><em>P.</em></strong></span> <span class='ocrx_word' id='word_1_605' title='bbox 774 5023 833 5082; x_wconf 86' lang='lat' dir='ltr'><strong><em>La-</em></strong></span> <span class='ocrx_word' id='word_1_606' title='bbox 884 5024 942 5104; x_wconf 92' lang='lat' dir='ltr'><strong><em>ipsi</em></strong></span> <span class='ocrx_word' id='word_1_607' title='bbox 957 5041 1055 5096; x_wconf 89' lang='lat' dir='ltr'><strong><em>sacro,</em></strong></span> <span class='ocrx_word' id='word_1_608' title='bbox 1071 5021 1141 5080; x_wconf 91' lang='lat' dir='ltr'><strong><em>ideo</em></strong></span> <span class='ocrx_word' id='word_1_609' title='bbox 1154 5037 1219 5080; x_wconf 90' lang='lat' dir='ltr'><strong><em>non</em></strong></span> <span class='ocrx_word' id='word_1_610' title='bbox 1234 5023 1400 5098; x_wconf 89' lang='lat' dir='ltr'><strong><em>potestpro</em></strong></span> <span class='ocrx_word' id='word_1_611' title='bbox 1411 5017 1475 5076; x_wconf 89' lang='lat' dir='ltr'><strong><em>istis</em></strong></span> <span class='ocrx_word' id='word_1_612' title='bbox 1486 5017 1656 5096; x_wconf 87' lang='lat' dir='ltr'><strong><em>quidquam</em></strong></span> 
     </span>
     <span class='ocr_line' id='line_1_80' title="bbox 48 5109 1657 5194; baseline -0.001 -22"><span class='ocrx_word' id='word_1_613' title='bbox 48 5111 168 5186; x_wconf 87' lang='lat' dir='ltr'><strong><em>Croix,</em></strong></span> <span class='ocrx_word' id='word_1_614' title='bbox 183 5129 252 5190; x_wconf 70' lang='lat' dir='ltr'><strong><em>qnae</em></strong></span> <span class='ocrx_word' id='word_1_615' title='bbox 267 5112 354 5173; x_wconf 90' lang='lat' dir='ltr'><strong><em>docet</em></strong></span> <span class='ocrx_word' id='word_1_616' title='bbox 363 5112 419 5172; x_wconf 88' lang='lat' dir='ltr'><strong><em>iste</em></strong></span> <span class='ocrx_word' id='word_1_617' title='bbox 433 5109 618 5189; x_wconf 79' lang='lat' dir='ltr'><strong><em>llteologus,</em></strong></span> <span class='ocrx_word' id='word_1_618' title='bbox 630 5111 756 5174; x_wconf 85' lang='lat' dir='ltr'><strong><em>tortasse</em></strong></span> <span class='ocrx_word' id='word_1_619' title='bbox 770 5131 834 5174; x_wconf 91' lang='lat' dir='ltr'><strong><em>non</em></strong></span> <span class='ocrx_word' id='word_1_620' title='bbox 885 5115 1022 5194; x_wconf 89' lang='lat' dir='ltr'><strong><em>accipere</em></strong></span> <span class='ocrx_word' id='word_1_621' title='bbox 1034 5118 1146 5194; x_wconf 85' lang='lat' dir='ltr'><strong><em>praeter</em></strong></span> <span class='ocrx_word' id='word_1_622' title='bbox 1171 5115 1350 5172; x_wconf 88' lang='lat' dir='ltr'><strong><em>consuetam</em></strong></span> <span class='ocrx_word' id='word_1_623' title='bbox 1368 5109 1607 5188; x_wconf 88' lang='lat' dir='ltr'><strong><em>eleemosynam.</em></strong></span> <span class='ocrx_word' id='word_1_624' title='bbox 1624 5111 1657 5171; x_wconf 86' lang='lat' dir='ltr'><strong><em>si</em></strong></span> 
     </span>
     <span class='ocr_line' id='line_1_81' title="bbox 46 5202 1657 5285; baseline -0.001 -21"><span class='ocrx_word' id='word_1_625' title='bbox 46 5209 247 5284; x_wconf 87' lang='lat' dir='ltr'><strong><em>appararent</em></strong></span> <span class='ocrx_word' id='word_1_626' title='bbox 261 5204 329 5264; x_wconf 85' lang='lat' dir='ltr'><strong><em>aliis</em></strong></span> <span class='ocrx_word' id='word_1_627' title='bbox 342 5219 504 5278; x_wconf 55' lang='lat' dir='ltr'><strong><em>marnam</em></strong></span> <span class='ocrx_word' id='word_1_628' title='bbox 520 5220 832 5267; x_wconf 73' lang='lat' dir='ltr'><strong><em>saansaaaounram.</em></strong></span> <span class='ocrx_word' id='word_1_629' title='bbox 885 5227 958 5269; x_wconf 88' lang='lat' dir='ltr'><strong><em>vero</em></strong></span> <span class='ocrx_word' id='word_1_630' title='bbox 973 5206 1085 5285; x_wconf 86' lang='lat' dir='ltr'><strong><em>aliquis</em></strong></span> <span class='ocrx_word' id='word_1_631' title='bbox 1106 5209 1232 5284; x_wconf 87' lang='lat' dir='ltr'><strong><em>propter</em></strong></span> <span class='ocrx_word' id='word_1_632' title='bbox 1257 5202 1394 5280; x_wconf 90' lang='lat' dir='ltr'><strong><em>aliquam</em></strong></span> <span class='ocrx_word' id='word_1_633' title='bbox 1419 5218 1545 5261; x_wconf 87' lang='lat' dir='ltr'><strong><em>cansam</em></strong></span> <span class='ocrx_word' id='word_1_634' title='bbox 1568 5208 1657 5281; x_wconf 87' lang='lat' dir='ltr'><strong><em>cogat</em></strong></span> 
     </span>
     <span class='ocr_line' id='line_1_82' title="bbox 91 5293 1656 5376; baseline 0 -21"><span class='ocrx_word' id='word_1_635' title='bbox 91 5297 130 5356; x_wconf 91' lang='lat' dir='ltr'><strong><em>P.</em></strong></span> <span class='ocrx_word' id='word_1_636' title='bbox 159 5295 295 5357; x_wconf 87' lang='lat' dir='ltr'><strong><em>Concina</em></strong></span> <span class='ocrx_word' id='word_1_637' title='bbox 317 5297 361 5356; x_wconf 89' lang='lat' dir='ltr'><strong><em>ita</em></strong></span> <span class='ocrx_word' id='word_1_638' title='bbox 375 5296 514 5376; x_wconf 85' lang='lat' dir='ltr'><strong><em>depingit</em></strong></span> <span class='ocrx_word' id='word_1_639' title='bbox 532 5295 704 5357; x_wconf 86' lang='lat' dir='ltr'><strong><em>doctrinam</em></strong></span> <span class='ocrx_word' id='word_1_640' title='bbox 724 5299 757 5358; x_wconf 91' lang='lat' dir='ltr'><strong><em>P.</em></strong></span> <span class='ocrx_word' id='word_1_641' title='bbox 774 5299 833 5358; x_wconf 90' lang='lat' dir='ltr'><strong><em>La·</em></strong></span> <span class='ocrx_word' id='word_1_642' title='bbox 886 5301 1083 5362; x_wconf 87' lang='lat' dir='ltr'><strong><em>Sacerdotem</em></strong></span> <span class='ocrx_word' id='word_1_643' title='bbox 1109 5297 1195 5358; x_wconf 86' lang='lat' dir='ltr'><strong><em>adire</em></strong></span> <span class='ocrx_word' id='word_1_644' title='bbox 1208 5295 1359 5356; x_wconf 84' lang='lat' dir='ltr'><strong><em>laboriose</em></strong></span> <span class='ocrx_word' id='word_1_645' title='bbox 1384 5293 1548 5354; x_wconf 77' lang='lat' dir='ltr'><strong><em>Ecclesiam</em></strong></span> <span class='ocrx_word' id='word_1_646' title='bbox 1568 5293 1656 5355; x_wconf 89' lang='lat' dir='ltr'><strong><em>valde</em></strong></span> 
     </span>
     <span class='ocr_line' id='line_1_83' title="bbox 45 5385 1656 5469; baseline 0 -21"><span class='ocrx_word' id='word_1_647' title='bbox 45 5388 169 5460; x_wconf 79' lang='lat' dir='ltr'><strong><em>cmix,</em></strong></span> <span class='ocrx_word' id='word_1_648' title='bbox 190 5393 226 5448; x_wconf 90' lang='lat' dir='ltr'><strong><em>ut</em></strong></span> <span class='ocrx_word' id='word_1_649' title='bbox 253 5393 400 5468; x_wconf 88' lang='lat' dir='ltr'><strong><em>appareat</em></strong></span> <span class='ocrx_word' id='word_1_650' title='bbox 421 5387 601 5462; x_wconf 89' lang='lat' dir='ltr'><strong><em>lectoribus,</em></strong></span> <span class='ocrx_word' id='word_1_651' title='bbox 630 5387 723 5448; x_wconf 89' lang='lat' dir='ltr'><strong><em>istum</em></strong></span> <span class='ocrx_word' id='word_1_652' title='bbox 749 5389 835 5469; x_wconf 93' lang='lat' dir='ltr'><strong><em>loqui</em></strong></span> <span class='ocrx_word' id='word_1_653' title='bbox 884 5393 1064 5454; x_wconf 88' lang='lat' dir='ltr'><strong><em>distantem:</em></strong></span> <span class='ocrx_word' id='word_1_654' title='bbox 1081 5395 1112 5450; x_wconf 89' lang='lat' dir='ltr'><strong><em>et</em></strong></span> <span class='ocrx_word' id='word_1_655' title='bbox 1132 5388 1331 5468; x_wconf 89' lang='lat' dir='ltr'><strong><em>dispendium</em></strong></span> <span class='ocrx_word' id='word_1_656' title='bbox 1348 5386 1497 5464; x_wconf 89' lang='lat' dir='ltr'><strong><em>temporis</em></strong></span> <span class='ocrx_word' id='word_1_657' title='bbox 1513 5386 1545 5445; x_wconf 89' lang='lat' dir='ltr'><strong><em>in</em></strong></span> <span class='ocrx_word' id='word_1_658' title='bbox 1563 5385 1656 5466; x_wconf 83' lang='lat' dir='ltr'><strong><em>longo</em></strong></span> 
     </span>
     <span class='ocr_line' id='line_1_84' title="bbox 44 5477 1658 5552; baseline -0.002 -10"><span class='ocrx_word' id='word_1_659' title='bbox 44 5497 89 5542; x_wconf 84' lang='lat' dir='ltr'><strong><em>nn</em></strong></span> <span class='ocrx_word' id='word_1_660' title='bbox 113 5495 255 5552; x_wconf 81' lang='lat' dir='ltr'><strong><em>accessu,</em></strong></span> <span class='ocrx_word' id='word_1_661' title='bbox 278 5497 315 5540; x_wconf 83' lang='lat' dir='ltr'><strong><em>nr</em></strong></span> <span class='ocrx_word' id='word_1_662' title='bbox 335 5495 475 5550; x_wconf 74' lang='lat' dir='ltr'><strong><em>accessu,</em></strong></span> <span class='ocrx_word' id='word_1_663' title='bbox 498 5497 536 5539; x_wconf 80' lang='lat' dir='ltr'><strong><em>nn</em></strong></span> <span class='ocrx_word' id='word_1_664' title='bbox 555 5496 704 5541; x_wconf 72' lang='lat' dir='ltr'><strong><em>nisantium</em></strong></span> <span class='ocrx_word' id='word_1_665' title='bbox 725 5498 835 5544; x_wconf 75' lang='lat' dir='ltr'><strong><em>renuo·</em></strong></span> <span class='ocrx_word' id='word_1_666' title='bbox 885 5486 996 5546; x_wconf 89' lang='lat' dir='ltr'><strong><em>itinere</em></strong></span> <span class='ocrx_word' id='word_1_667' title='bbox 1011 5481 1187 5544; x_wconf 88' lang='lat' dir='ltr'><strong><em>insumendi</em></strong></span> <span class='ocrx_word' id='word_1_668' title='bbox 1200 5479 1308 5540; x_wconf 77' lang='lat' dir='ltr'><strong><em>atterat</em></strong></span> <span class='ocrx_word' id='word_1_669' title='bbox 1327 5477 1484 5539; x_wconf 84' lang='lat' dir='ltr'><strong><em>Sacerdoti</em></strong></span> <span class='ocrx_word' id='word_1_670' title='bbox 1507 5478 1658 5540; x_wconf 84' lang='lat' dir='ltr'><strong><em>damnum</em></strong></span> 
     </span>
     <span class='ocr_line' id='line_1_85' title="bbox 46 5570 1659 5655; baseline -0.002 -21"><span class='ocrx_word' id='word_1_671' title='bbox 46 5589 98 5634; x_wconf 82' lang='lat' dir='ltr'><strong><em>aas</em></strong></span> <span class='ocrx_word' id='word_1_672' title='bbox 122 5587 168 5632; x_wconf 78' lang='lat' dir='ltr'><strong><em>rar</em></strong></span> <span class='ocrx_word' id='word_1_673' title='bbox 187 5588 225 5632; x_wconf 83' lang='lat' dir='ltr'><strong><em>ue</em></strong></span> <span class='ocrx_word' id='word_1_674' title='bbox 245 5588 441 5634; x_wconf 79' lang='lat' dir='ltr'><strong><em>atiocurioa&#39;a</em></strong></span> <span class='ocrx_word' id='word_1_675' title='bbox 461 5588 649 5646; x_wconf 76' lang='lat' dir='ltr'><strong><em>incensans,</em></strong></span> <span class='ocrx_word' id='word_1_676' title='bbox 672 5590 708 5634; x_wconf 83' lang='lat' dir='ltr'><strong><em>nr</em></strong></span> <span class='ocrx_word' id='word_1_677' title='bbox 729 5591 784 5634; x_wconf 84' lang='lat' dir='ltr'><strong><em>rea</em></strong></span> <span class='ocrx_word' id='word_1_678' title='bbox 804 5591 837 5634; x_wconf 83' lang='lat' dir='ltr'><strong><em>sa</em></strong></span> <span class='ocrx_word' id='word_1_679' title='bbox 888 5573 1119 5655; x_wconf 60' lang='lat' dir='ltr'><strong><em>emergerent</em></strong></span> <span class='ocrx_word' id='word_1_680' title='bbox 1133 5573 1256 5632; x_wconf 87' lang='lat' dir='ltr'><strong><em>lacraun</em></strong></span> <span class='ocrx_word' id='word_1_681' title='bbox 1268 5588 1402 5644; x_wconf 68' lang='lat' dir='ltr'><strong><em>cesenam</em></strong></span> <span class='ocrx_word' id='word_1_682' title='bbox 1415 5570 1659 5648; x_wconf 84' lang='lat' dir='ltr'><strong><em>proilloextrin·</em></strong></span> 
     </span>
    </p>
   </div>
   <div class='ocr_carea' id='block_1_6' title="bbox 0 0 2000 6344">
    <p class='ocr_par' dir='ltr' id='par_1_10' title="bbox 0 0 2000 6344">
     <span class='ocr_line' id='line_1_86' title="bbox 0 0 2000 6344; baseline 0 1"><span class='ocrx_word' id='word_1_683' title='bbox 0 0 2000 6344; x_wconf 95' lang='lat' dir='ltr'><strong><em> </em></strong></span> 
     </span>
    </p>
   </div>
  </div>
 </body>
</html>
