3938 6338
644 412 694 474 DE
715 409 983 474 conscientia.
1484 443 1488 452 .
1547 409 1606 470 stt

56 577 197 659 possitesse
216 575 420 640 intellectuale
442 577 624 658 obsequium
639 578 702 638 lieo
723 578 787 658 pla·
837 595 910 640 vera
933 578 986 638 sed
999 583 1120 642 tantum
1133 577 1296 658 probabili,
1314 579 1387 658 qnia
1399 582 1484 639 actvm
1495 575 1606 656 proba-

54 688 119 747 ccns,
134 689 197 749 neg.
218 670 287 748 quia
305 671 460 746 honestae,
483 677 616 751 quaeest
633 670 789 749 objectum
838 669 904 744 bili,
919 670 992 749 quia
1017 676 1104 732 actus
1128 671 1296 750 probabilis
1324 689 1471 732 erroneus
1490 675 1535 730 cst
1555 669 1607 729 in-

54 761 157 824 fernale
180 762 296 824 virtutis
329 763 465 836 moralis,
495 768 596 843 potest
624 762 790 824 convenire
838 763 981 833 trinscce,
1018 769 1083 824 tam
1117 764 1279 844 perfectus,
1310 781 1405 844 quam
1440 761 1608 850 probabilis

53 855 148 933 objecto
160 854 303 916 materiali
323 861 447 917 tantum
471 857 656 932 existimato,
676 862 708 917 at
720 858 790 918 ideo
839 873 951 916 verus:
971 855 1182 916 denominatio
1203 857 1287 918 enim
1313 857 1450 918 veritatis
1471 853 1609 915 formalis

31 952 128 1020 'actua
153 966 209 1026 quo
234 947 325 1008 credo
351 948 481 1028 aliquid,
510 949 593 1028 quod
620 953 697 1030 puto
725 967 789 1010 csse
839 954 884 1009 est
910 949 1023 1028 partim
1044 951 1224 1027 cxtmnseca,
1247 949 1475 1011 accidentaliter
1493 965 1608 1008 conve-

49 1038 202 1112 maletum,
226 1039 333 1118 utique
357 1042 420 1101 Deo
445 1046 550 1120 gratus
573 1047 629 1117 est,
650 1042 791 1121 quamvis
839 1041 929 1102 niens
943 1041 1034 1116 actui,
1046 1042 1100 1120 qui
1112 1059 1203 1103 verus
1217 1049 1273 1117 est,
1281 1043 1364 1104 idem
1377 1042 1462 1102 enim
1477 1057 1609 1100 numero

49 1129 113 1192 forte
124 1130 191 1192 illud
205 1136 316 1211 aperta
330 1132 376 1193 rei
388 1151 453 1198 non
467 1134 700 1195 sitrevelatnm.
840 1141 926 1194 actus
946 1134 1095 1214 potuisset
1114 1153 1179 1196 esse
1198 1135 1310 1196 falsus:
1332 1135 1406 1195 hinc
1424 1134 1449 1194 si
1463 1133 1525 1192 diro
1548 1131 1608 1193 fra-

13 1229 32 1290 ti
82 1222 161 1304 Obja'c.
177 1225 203 1284 5.
219 1225 372 1300 Peccator,
386 1226 441 1306 qui
456 1226 538 1286 bona
551 1226 612 1287 fide
627 1231 726 1306 putat,
743 1225 794 1286 vel
841 1230 904 1286 tres
926 1231 1036 1306 putent
1060 1227 1177 1288 Titium
1191 1247 1255 1290 esse
1269 1235 1389 1308 patrem
1407 1245 1510 1302 siriam,
1529 1243 1610 1285 unus

49 1333 74 1375 se
85 1334 140 1377 esse
152 1317 182 1378 in
194 1321 302 1397 gratia,
325 1319 376 1380 vel
387 1325 490 1380 actum
504 1337 596 1380 suum
620 1336 684 1380 csse
698 1319 792 1380 meri·
842 1336 925 1396 vere,
942 1319 1019 1380 alter
1036 1319 1123 1396 falso,
1140 1327 1171 1382 et
1184 1321 1323 1382 similiter
1336 1322 1456 1382 honore
1475 1318 1612 1380 afficiant

49 1409 144 1470 buum
164 1416 197 1470 ut
217 1417 297 1484 octo,
323 1430 387 1472 non
407 1412 477 1473 ideo
500 1429 663 1491 persuum
689 1417 793 1472 actum
843 1407 972 1488 Titium,
999 1422 1130 1493 uterque
1161 1415 1269 1474 ceteris
1300 1414 1436 1494 paribus,
1466 1415 1611 1492 operatur

49 1507 164 1564 meretur
182 1504 293 1566 roelum
315 1504 352 1566 de
373 1504 539 1583 condigno,
556 1523 613 1565 nec
628 1504 793 1585 praemium
842 1521 930 1583 aeque
943 1505 1081 1567 honeste.

49 1599 76 1654 ut
86 1600 165 1672 octo;
180 1613 252 1668 ergo
267 1596 408 1658 similiter
423 1597 477 1677 qui
490 1597 574 1658 bone
586 1597 647 1658 fide
660 1603 748 1677 putat
762 1615 794 1658 se
885 1597 919 1672 Q.
936 1600 966 1659 6.
980 1599 1028 1661 Aa
1046 1605 1144 1679 peccet
1161 1597 1340 1679 formaliter,
1356 1599 1410 1680 qui
1426 1595 1611 1658 invincibili·
1638 1618 1677 1680 34

48 1684 112 1748 bene
124 1690 249 1767 operari,
265 1707 330 1750 non
345 1689 415 1750 ideo
427 1689 507 1750 bene
522 1695 677 1769 operatur.
696 1691 790 1769 Resp.
843 1695 980 1770 terpatat
999 1690 1144 1752 incanam
1171 1710 1229 1752 aaa
1255 1710 1311 1752 ease
1329 1689 1452 1762 matam,
1475 1695 1613 1749 ettamen

48 1796 104 1857 neg.
119 1799 195 1842 cons.
207 1781 314 1842 Priora
330 1780 447 1860 judicia
459 1782 576 1843 habent
589 1799 621 1843 se
633 1782 725 1861 plane
739 1799 795 1862 pcr
844 1785 988 1864 cognoscit
1008 1783 1152 1866 obJ'ectum
1172 1783 1239 1846 talis
1261 1791 1341 1844 octus
1359 1780 1539 1844 aesomnium
1553 1777 1569 1840 f
1581 1799 1611 1840 v.
1684 1783 1687 1786 ’

48 1862 174 1942 recidens,
188 1879 218 1934 et
229 1875 463 1954 impertinentes
473 1875 511 1938 ed
523 1874 681 1952 meritum,
693 1893 794 1954 neque
843 1895 873 1956 g.
888 1877 1099 1957 quidesiderat
1107 1876 1264 1954 fornicari,
1277 1875 1495 1937 invincibiliter
1502 1879 1614 1953 putans

48 1971 106 2025 sont
125 1967 238 2046 regula,
267 1967 318 2028 vel
339 1985 486 2028 mensura
507 1968 601 2044 illius,
626 1969 691 2029 sive
711 1967 795 2029 enim
844 1969 903 2030 hoc
925 1969 1112 2032 desiderium
1130 1971 1288 2031 internum
1312 1987 1376 2030 non
1400 1985 1464 2029 esee
1483 1967 1612 2042 malum,

47 2057 139 2134 adsim,
153 2059 213 2121 sive
227 2059 331 2120 absint
344 2061 491 2122 meritum
507 2067 553 2122 est
569 2061 671 2122 idem:
691 2079 793 2122 coen·
845 2064 986 2142 quemvis
1004 2063 1089 2140 sciat,
1106 2064 1190 2143 quod
1210 2063 1311 2143 reipsa
1328 2060 1474 2122 fornicari
1497 2059 1535 2120 sit
1548 2077 1614 2120 ma-

47 2152 84 2210 tra
104 2151 284 2214 conscientia
308 2171 372 2213 non
395 2153 489 2214 babet
511 2172 544 2216 se
568 2173 623 2234 per
643 2153 793 2229 accidens,
844 2156 922 2216 lum.
945 2158 982 2218 lt.
998 2156 1026 2236 ᾗ.
1053 2160 1082 2216 l.
1103 2155 1218 2217 Oviedo
1232 2159 1260 2230 f,
1281 2157 1310 2215 f.
1337 2162 1377 2214 tr.
1403 2155 1613 2214 locationi.

47 2241 314 2323 ctimpertinentcr
333 2245 374 2306 ed
395 2245 588 2307 honestatem
610 2245 797 2326 operationis
844 2267 918 2330 pan.
932 2250 962 2326 ὃ,
984 2249 1097 2330 allique
1117 2249 1224 2309 dieunt
1243 2265 1369 2328 peccare
1391 2244 1571 2321 formaliter,
1591 2245 1616 2306 si

46 2339 159 2411 rosha3
179 2338 234 2398 sed
247 2343 294 2398 est
307 2337 427 2418 regula,
446 2355 481 2399 ac
495 2355 641 2400 mensura
662 2337 756 2414 illius,
773 2337 798 2398 si
846 2347 916 2402 acta
934 2341 1049 2404 efficaci
1067 2342 1100 2402 in
1115 2341 1269 2420 objectum
1286 2340 1347 2401 tale
1359 2338 1477 2414 tendat,
1498 2338 1522 2398 l.
1544 2337 1618 2416 quia

47 2427 117 2488 enim
133 2427 260 2491 dictarat
279 2429 397 2510 aliquid
412 2448 477 2492 esse
496 2431 635 2492 melum:
657 2429 798 2509 quamvis
846 2435 902 2495 scit
914 2433 1148 2496 fornicationem
1160 2453 1179 2494 a
1193 2435 1254 2494 Deo
1273 2431 1471 2513 prohibitam,
1495 2434 1526 2490 et
1538 2430 1618 2490 nihi-

45 2518 111 2581 insa
128 2520 203 2584 forat
222 2521 353 2599 bonurn,
373 2527 498 2603 propter
516 2523 734 2584 conscientiam
747 2541 797 2583 re·
846 2526 982 2589 lominus
1002 2545 1071 2589 eam
1093 2526 1267 2599 efficaciter,
1295 2543 1330 2586 aa
1352 2523 1449 2584 libere
1476 2521 1543 2582 vult
1565 2541 1618 2600 po

46 2609 206 2676 funderenrr
220 2615 340 2676 malitia
351 2615 383 2675 in
397 2623 516 2690 actum;
532 2633 606 2694 argo
616 2616 798 2694 patatpuod
847 2638 921 2681 nere
933 2639 941 2696 3
957 2622 1037 2682 Item
1051 2620 1106 2682 scit
1117 2637 1149 2680 se
1158 2619 1254 2680 libere
1268 2618 1347 2679 velle
1361 2633 1477 2697 ponere
1487 2614 1615 2694 aliquid,

45 2705 502 2770 comedendaseadhonestatem
514 2707 701 2788 operationis
710 2708 799 2769 ahter
847 2713 931 2792 quod
953 2712 1010 2773 seit
1029 2731 1093 2773 esse
1116 2717 1286 2792 peecatum,
1306 2715 1336 2770 et
1348 2727 1410 2789 quo
1434 2707 1490 2768 scit
1506 2705 1618 2766 violari

44 2795 149 2872 haheat,
162 2816 259 2878 qrram
271 2799 329 2860 ista
339 2799 458 2878 judicia
472 2799 674 2862 adactionem
683 2800 797 2860 meriti.
847 2805 946 2883 legem
963 2803 1035 2879 Dei3
1058 2822 1132 2883 ergo
1145 2823 1210 2865 non
1225 2807 1326 2882 potest
1338 2819 1402 2862 non
1415 2817 1540 2879 peccare
1554 2798 1616 2858 for-

13 2893 26 2952 i
77 2888 160 2970 Oljir.
176 2893 206 2954 6.
227 2891 261 2952 Si
269 2891 309 2952 ab
319 2909 422 2954 errore
434 2891 557 2953 refrmdi
568 2893 663 2972 possit
677 2891 799 2952 bonitas
847 2897 980 2958 meliter.
998 2897 1035 2958 ll.
1052 2897 1093 2957 Ut
1107 2897 1176 2975 quis
1187 2895 1356 2956 formaliter
1365 2897 1479 2974 peccet,
1495 2909 1559 2952 non
1574 2896 1619 2951 est

43 2979 302 3062 inoperationem,
325 3003 399 3064 ergo
423 2985 560 3066 operatio
583 2985 722 3063 regulata
744 3002 800 3064 per
849 3007 927 3068 opus
945 2990 1060 3050 reflexa
1082 3005 1267 3066 cognoscere
1289 2985 1440 3047 malitiam
1459 2983 1616 3058 suiectus,

45 3092 166 3138 amram
187 3077 350 3156 caltaque
374 3078 518 3156 perfecta,
535 3077 663 3157 atqnesi
676 3078 799 3156 regule-
848 3082 901 3142 aad
929 3082 1002 3142 satis
1035 3087 1082 3142 est
1110 3081 1223 3142 directe
1253 3096 1435 3158 cognoscere
1467 3075 1619 3137 malitiam

43 3171 84 3228 tur
95 3176 263 3248 peractum
278 3188 398 3245 varum,
421 3175 551 3246 certum,
567 3176 598 3232 et
612 3169 798 3232 evidentem.
850 3173 971 3252 objecti,
992 3175 1073 3235 etin
1092 3191 1161 3235 eam
1180 3192 1236 3253 per
1258 3173 1451 3232 voluntatem
1465 3168 1619 3230 efficacem

43 3259 119 3341 liesp.
143 3281 216 3323 eum
237 3261 352 3322 Terillo
379 3280 468 3343 capno
490 3281 519 3342 q.
535 3266 566 3323 l.
586 3261 801 3323 universaliter
848 3266 946 3328 libere
965 3265 1049 3343 ferri,
1073 3265 1209 3346 hocipso
1226 3267 1309 3326 enim
1326 3281 1397 3325 cum
1413 3259 1615 3332 advertentia,

43 3356 170 3432 negando
195 3373 262 3433 seq.
288 3373 364 3414 nam
379 3355 404 3415 l.
424 3357 561 3434 operatio
575 3373 631 3434 per
646 3354 799 3434 cognitio·
850 3365 881 3420 et
901 3359 1044 3421 libertate
1057 3359 1125 3419 vult
1139 3377 1230 3438 agere
1254 3356 1369 3436 aliquid
1394 3354 1537 3416 difforme
1558 3352 1620 3430 legi

40 3461 102 3507 nem
114 3453 242 3522 certam,
259 3452 289 3508 et
303 3447 478 3508 evidentem
493 3445 642 3526 regulata,
660 3451 706 3507 est
719 3453 799 3508 ceta·
850 3453 904 3513 Dei
921 3472 928 3526 ;
945 3469 1019 3532 ergo
1032 3450 1204 3512 formaliter
1211 3457 1326 3529 peccat.
1343 3449 1398 3508 Ill.
1416 3447 1490 3507 Tale
1504 3445 1621 3506 deside-

39 3538 75 3596 ris
86 3539 210 3617 paribus
223 3539 333 3600 melior
346 3539 409 3614 illa,
423 3557 493 3618 quae
507 3539 668 3618 regulatur
683 3557 738 3618 per
752 3557 802 3598 co·
848 3545 933 3604 riam
947 3549 1027 3605 stare
1046 3543 1156 3622 neqrrit
1179 3561 1250 3604 aum
1263 3559 1369 3602 amore
1388 3540 1446 3600 Dei
1458 3559 1465 3615 ;
1488 3556 1562 3617 ergo
1576 3541 1621 3598 est

38 3629 198 3706 gallionem
222 3649 339 3704 veram,
356 3636 387 3692 et
405 3632 553 3692 incertam
567 3651 574 3706 ;
590 3649 664 3691 nam
682 3631 716 3691 in
735 3630 799 3710 pri·
847 3635 977 3696 formale
989 3641 1160 3715 peccatum.
1176 3637 1227 3695 lV.
1244 3635 1337 3696 Actus
1348 3634 1501 3707 internus,
1514 3636 1544 3690 ct
1558 3629 1621 3690 cffi-

39 3723 89 3782 mis
120 3725 259 3803 cognitio
296 3723 459 3803 perfectior
497 3723 656 3786 constituit
695 3728 800 3782 actum
850 3745 905 3788 cax
915 3726 1048 3788 desumit
1059 3728 1192 3806 speciem
1204 3745 1291 3788 suam
1302 3726 1341 3786 ab
1354 3725 1474 3803 objecto
1485 3722 1618 3802 cognito,

37 3815 164 3894 primum
183 3816 398 3897 perfectiorem
413 3833 425 3891 ,·
445 3833 518 3894 ergo
540 3815 680 3895 sequitur
708 3814 800 3874 etiem
850 3821 883 3879 in
909 3820 992 3898 quod
1014 3819 1130 3895 fcrtur;
1155 3837 1228 3898 ergo
1255 3819 1309 3879 ubi
1332 3817 1486 3896 objectum
1510 3821 1566 3889 est,
1591 3819 1622 3874 ct

38 3913 114 3969 actus
139 3908 298 3971 secundus
320 3908 502 3988 perfacti0r3
532 3908 642 3968 deinde
666 3906 801 3986 cognitio
850 3911 1045 3986 cognoscitur
1064 3929 1127 3972 esse
1142 3911 1271 3986 malum,
1290 3915 1374 3972 actus
1396 3909 1538 3970 internus
1555 3905 1620 3966 effi-

34 3999 139 4062 certior
152 4001 276 4062 firmius
290 4000 421 4081 applicet
433 4000 570 4061 medium
585 3999 652 4072 fini,
669 3999 802 4078 facitque
851 4022 908 4064 carr
920 4003 955 4063 in
970 4003 1045 4064 illud
1054 4003 1186 4064 tendens
1200 4009 1245 4064 est
1258 4003 1369 4074 malus,

35 4093 496 4155 voluntatemesscalacriorem:
506 4098 652 4172 praeterea
667 4091 803 4152 ratiove
891 4095 919 4173 ᾗ.
936 4097 966 4155 f.
982 4097 1126 4156 Econtra
1138 4095 1272 4156 Granad.
1288 4093 1323 4154 dc
1330 4099 1438 4174 pacem.
1454 4099 1494 4151 tr.
1511 4091 1541 4151 b.
1553 4088 1620 4150 ds.
1648 4119 1687 4181 35

33 4181 155 4246 luntarii
168 4185 336 4266 respondet
351 4184 530 4263 cognitioni,
541 4203 615 4263 ergo
627 4203 689 4263 quo
700 4181 804 4262 cogni·
850 4194 916 4250 sect.
941 4189 971 4247 ἢ.
995 4187 1108 4262 Sanch,
1132 4188 1162 4247 in
1180 4185 1283 4248 necat.
1312 4179 1336 4246 ἱ.
1354 4189 1382 4248 l.
1405 4205 1431 4245 c.
1449 4185 1499 4244 iii·
1519 4203 1550 4242 a·
1572 4185 1621 4244 17.

31 4277 122 4339 tioest
133 4277 310 4358 perfectior,
320 4281 407 4336 terito
415 4283 461 4337 est
469 4276 569 4354 major
581 4277 659 4336 ratio
674 4275 802 4337 volunta
852 4279 966 4359 aliique
980 4279 1084 4358 plures
1096 4278 1286 4359 probabilius
1302 4277 1410 4338 dicunt
1422 4295 1488 4336 non
1499 4293 1625 4354 peceare

30 4367 74 4446 n'i,
86 4389 162 4450 ergo
171 4375 259 4430 tanto
270 4368 432 4448 perfectior
440 4368 711 4444 actusvolunteris3
721 4368 803 4447 quod
851 4371 1033 4448 formaliter,
1067 4372 1120 4432 scd
1151 4371 1351 4432 materialiter
1382 4374 1516 4440 tentum,
1552 4366 1626 4446 quia

33 4461 122 4524 niam
136 4461 330 4542 aposteriori
349 4460 522 4540 colligitar3
539 4478 614 4522 nam
628 4460 721 4522 etiam
734 4461 804 4521 ideo
854 4463 924 4524 licet
937 4464 1126 4524 desiderium
1146 4462 1223 4524 illud
1238 4463 1277 4523 sit
1297 4481 1335 4524 ex
1359 4461 1479 4540 objecto
1491 4459 1622 4533 malum,

31 4569 118 4615 amor
135 4553 330 4616 beatificatus
353 4558 400 4614 est
416 4552 580 4632 perfectior
602 4571 708 4614 amore
731 4551 802 4628 viae,
854 4561 1163 4618 attamenexcusatur
1178 4575 1233 4636 per
1247 4571 1384 4616 errorem
1402 4551 1624 4628 invincibilem,

31 4648 102 4724 quia
115 4647 172 4708 ille
187 4646 356 4725 dirigitura
369 4644 548 4724 perfectiore
561 4645 746 4724 cognitione.
765 4645 802 4704 ll.
856 4665 894 4708 ex
914 4667 978 4728 quo
1001 4649 1061 4722 hic,
1083 4653 1114 4709 et
1135 4665 1220 4709 nunc
1238 4647 1407 4727 prudenter
1433 4645 1547 4706 format
1569 4643 1626 4704 sibi

31 4737 191 4818 Operatio,
216 4757 286 4818 quaa
305 4736 497 4816 regulatura
513 4737 689 4816 cognitione
709 4741 802 4808 certe,
855 4739 1020 4817 dictamen,
1051 4758 1113 4820 quo
1132 4739 1250 4818 judicat
1273 4738 1461 4800 desiderium
1483 4736 1541 4798 sibi
1562 4753 1627 4796 esse

31 4835 59 4888 et
72 4831 231 4901 evidente,
247 4835 293 4891 est
306 4829 414 4890 ceteris
426 4828 552 4908 paribus
574 4827 695 4905 melior,
711 4845 806 4907 quam
855 4830 987 4909 licitrrm,
999 4836 1207 4892 nemoautcm
1221 4837 1326 4910 peccat
1339 4833 1518 4910 peractum,
1534 4845 1628 4908 quem

29 4939 100 5001 quea
124 4923 287 5002 regulatur
315 4921 355 4982 ab
380 4939 484 4982 errore
510 4920 682 4981 invincibili
698 4939 705 4995 ;
733 4937 807 4980 nam
855 4921 916 4999 hic,
932 4928 963 4984 et
976 4943 1062 4986 nunc
1079 4923 1248 5003 prudenter
1263 4923 1383 5002 judicat
1398 4920 1456 4982 sibi
1478 4937 1543 4981 esse
1561 4920 1626 4980 lici-

29 5013 92 5088 lta,
124 5033 199 5094 quea
221 5013 445 5093 regularctura
463 5013 639 5091 cognitione
659 5013 807 5073 vera‘sed
855 5019 946 5091 tum;
967 5035 1053 5096 ergo.
1074 5017 1200 5096 Loquor
1220 5033 1258 5076 ex
1281 5015 1449 5095 supposito,
1466 5013 1491 5073 si
1504 5014 1628 5073 deretur

30 5107 161 5168 butum
175 5106 335 5184 probabili,
353 5111 431 5166 esset
451 5104 672 5184 imperaachor,
686 5105 731 5164 uti
741 5103 807 5182 jam
856 5107 926 5168 talis
940 5127 1124 5178 rossanam
1140 5107 1219 5169 forte
1234 5112 1281 5168 est
1293 5105 1499 5187 impossibilis.

14 5197 225 5271 dictumest,
248 5214 322 5276 ergo
342 5197 435 5258 ctiam
450 5201 528 5258 esset
546 5197 765 5276 imperfectior,
783 5197 807 5256 si
897 5199 925 5278 ᾗ.
952 5201 980 5261 3.
1006 5199 1054 5261 Ad
1077 5203 1090 5262 l
1120 5201 1272 5262 rationem
1293 5217 1374 5278 resp.
1406 5196 1469 5258 Scit
1498 5213 1530 5257 se
1551 5195 1628 5257 velle
1655 5223 1693 5284 35

29 5291 198 5371 regulatur
223 5289 262 5350 ab
290 5305 394 5349 errore
419 5288 603 5366 invincibili,
630 5288 685 5368 qui
708 5287 809 5348 solum
858 5307 975 5369 ponere
983 5289 1119 5372 aliquod,
1132 5291 1215 5374 quod
1226 5290 1348 5352 scitcsse
1359 5293 1528 5369 peccatum,
1537 5293 1630 5366 prout

27 5381 208 5464 probabilis
222 5399 287 5442 esse
300 5385 409 5459 potest.
431 5381 489 5440 111.
506 5381 649 5460 Operatio
669 5381 809 5460 regulata
859 5381 1056 5460 ohjteiturillt
1067 5383 1269 5459 desiderio‚n.
1284 5382 1367 5462 quod
1381 5381 1436 5442 seit
1448 5397 1513 5440 esse
1522 5398 1628 5460 pecca·

30 5473 74 5536 ab
103 5491 212 5535 errore
238 5470 418 5546 invincibili,
447 5473 556 5534 ceteris
582 5471 719 5552 paribus,
743 5477 808 5533 tam
857 5473 1630 5556 tumsiapartereiponeretnrm.prudenterenim

33 5565 121 5628 bona
134 5571 194 5642 cst,
210 5565 447 5644 qrremoperatio
461 5565 811 5644 regulatuacognitione
855 5565 974 5646 judicat
998 5567 1098 5630 Deum
1109 5587 1174 5630 non
1198 5567 1311 5628 offendi
1326 5583 1381 5646 per
1394 5563 1630 5626 fornicationem
