3944 6350
661 477 712 538 bit
731 477 995 542 conscientia.
1562 477 1622 538 {issi

24 650 27 664 ·
59 641 98 702 nis
115 640 150 700 da
165 657 196 700 se
221 647 267 704 est
286 648 374 720 grata
396 643 557 722 appelimi,
577 649 727 706 stamen
740 659 803 704 non
854 644 949 707 Loto.
962 639 1622 708 cononenmultorumeuamsssenteu-
1657 704 1661 714 ,

58 733 174 794 caumvb
180 733 338 812 specialem
348 735 581 797 delectationem
591 735 624 796 in
631 737 802 810 voluntate,
853 737 907 809 tia,
924 739 1007 818 quod
1019 739 1097 800 ratio
1110 757 1191 818 saepe
1208 755 1264 818 per
1277 738 1471 816 importunas
1483 734 1621 796 inciden-

57 824 162 901 u'gnum
174 830 227 900 cst,
247 827 331 905 quod
345 825 583 908 delueritplena
600 829 802 904 advertentis,
853 828 1002 891 tiaetiam
1020 831 1053 892 in
1072 831 1306 893 delectationem
1328 827 1499 909 perveniat,
1526 826 1620 904 idque

55 915 268 993 inconsonans,
289 919 428 999 alioquin
446 921 540 982 etiam
558 920 702 982 voluntas
715 937 804 982 suam
852 923 926 982 satis
952 923 1155 1001 longamora,
1178 927 1345 1002 antequam
1375 919 1541 999 suiipsius
1565 935 1621 996 per

55 1009 219 1089 percepisset
226 1010 474 1074 delectationem.
852 1017 1008 1076 maturam
1035 1015 1290 1077 deliberationem
1301 1014 1392 1094 plene
1406 1028 1532 1090 compos
1554 1009 1620 1086 fiat,

16 1111 34 1172 tl
86 1102 110 1180 §.
124 1105 152 1162 6.
168 1101 223 1176 Qui
232 1104 404 1183 scrupulosi
426 1109 500 1167 sunt
512 1106 545 1166 in
558 1104 689 1167 internis
702 1105 804 1166 dubiis
852 1107 926 1168 etin
946 1108 1060 1170 talibus
1073 1109 1148 1170 boni
1161 1109 1304 1169 homines
1317 1110 1477 1186 peecatum
1490 1102 1621 1164 mortale

53 1193 229 1270 cucafidem,
253 1196 386 1274 jubendi
400 1204 550 1258 suntnon
565 1215 703 1277 pugnare
720 1198 804 1277 posi·
851 1205 990 1262 mettrere
1017 1219 1081 1262 non
1119 1201 1250 1262 debent:
1288 1199 1343 1260 tali
1367 1202 1473 1258 autem
1501 1195 1623 1256 bomini

53 1286 104 1347 tire
116 1291 436 1366 mntratentationem,
451 1277 583 1350 volendo
598 1291 802 1352 elicereaetus
852 1293 1046 1354 suadendum
1070 1298 1126 1364 est,
1147 1297 1183 1352 ut
1200 1292 1358 1352 moderate
1377 1289 1498 1350 resistat
1520 1287 1623 1366 potins

52 1381 199 1458 oppositos,
214 1383 266 1443 sed
278 1382 415 1444 habeant
425 1399 457 1444 se
469 1383 557 1462 quasi
570 1381 760 1462 permissive,
773 1389 804 1444 at
853 1385 1091 1458 contemnendo,
1119 1384 1291 1446 secundum
1318 1387 1389 1443 ante
1411 1381 1503 1455 diota,
1526 1397 1622 1457 quam

51 1475 246 1552 corumptim,
260 1493 292 1534 v.
309 1491 339 1553 g.
356 1475 383 1534 si
398 1475 802 1553 seiutarneingerattanta·
853 1477 993 1555 positive,
1018 1477 1175 1539 etdirecte
1198 1473 1443 1548 conuaniteudo,
1470 1471 1513 1532 sic
1537 1471 1622 1532 enim

50 1565 94 1638 lio,
105 1566 179 1626 Deus
189 1577 309 1628 nonest
323 1567 421 1644 Unus,
436 1573 468 1628 et
478 1568 602 1642 Tritino,
618 1567 803 1628 nondebent
854 1568 970 1630 trustra
997 1587 1029 1630 se
1051 1575 1188 1646 vexaret,
1209 1569 1282 1648 quia
1295 1565 1457 1648 phantasia
1470 1561 1622 1642 ejusmodi

50 1657 147 1718 inhec
166 1663 243 1720 amu
267 1660 447 1721 tentationis
472 1660 551 1720 velle
575 1659 683 1720 elicere
698 1665 802 1721 actum
852 1663 1178 1742 representationibus
1191 1665 1311 1722 assueta
1324 1665 1370 1720 est
1382 1655 1548 1738 potentior,
1565 1673 1623 1718 nae

49 1747 109 1810 fidei
126 1751 201 1812 eirca
220 1752 280 1813 hoc
300 1753 496 1832 mysterium,
521 1752 581 1814 sed'
594 1751 715 1813 lacibus
730 1753 802 1812 vin-
853 1755 991 1832 suhjacet
1004 1755 1152 1816 libertati.
1168 1755 1203 1815 ld
1216 1760 1322 1815 tamen
1334 1754 1444 1812 notant
1457 1749 1516 1808 riri
1530 1748 1620 1826 spiri-

50 1846 118 1918 cent,
132 1843 156 1902 si
169 1844 372 1906 abstrahant:
389 1845 449 1906 boc
462 1845 566 1918 modo,
582 1844 708 1924 meando
732 1849 802 1904 ten·
852 1847 962 1924 tuales,
980 1848 1063 1928 quod
1076 1853 1192 1927 postea,
1212 1847 1289 1906 dum
1303 1863 1335 1905 se
1348 1842 1537 1913 examinant,
1553 1857 1623 1918 pos-

51 1934 112 1994 tatio
124 1935 204 2012 dicit,
230 1937 289 1998 hoc
303 1955 368 1998 non
383 1937 598 2016 estpossibile,
620 1941 656 1998 ut
669 1937 750 1996 Deus
764 1937 804 1996 sit
853 1936 915 1996 sint
947 1953 1134 2016 presumere
1170 1936 1247 1997 illud
1262 1973 1263 1977 =
1279 1951 1344 1995 esse
1379 1947 1500 2004 verum,
1539 1929 1623 2008 quod

51 2026 133 2102 Unus,
148 2033 178 2088 at
194 2029 331 2105 Trinus3
360 2030 568 2109 respondeant
593 2031 715 2091 interne
739 2045 804 2089 non
853 2029 957 2090 statim
974 2036 1044 2108 post
1064 2029 1180 2090 laetum
1194 2026 1378 2088 conscientia
1397 2024 1541 2096 dictabat,
1558 2022 1622 2082 sive

49 2119 81 2178 sit
100 2120 249 2198 possibile,
266 2121 343 2200 quid
359 2122 450 2184 tum?
477 2140 550 2202 ergo
574 2125 654 2184 Deus
679 2126 804 2182 nonest
853 2123 936 2200 quod
950 2123 1023 2200 ipsis
1041 2123 1143 2201 primo
1155 2120 1335 2182 occurrebat
1348 2115 1522 2195 contigisse,
1538 2115 1621 2176 unde

49 2209 170 2272 l'rinus?
182 2229 248 2272 non
262 2214 312 2290 sit,
328 2213 402 2292 quid
416 2214 510 2274 tum?
532 2231 607 2293 ergo
619 2220 654 2274 tu
669 2214 727 2273 boc
739 2229 803 2273 non
853 2213 879 2272 si
893 2214 994 2292 primo
1008 2214 1170 2274 videbatur
1180 2211 1266 2293 ip'sis,
1286 2212 1370 2291 quod
1383 2207 1619 2284 consensissent,

49 2302 156 2364 credis?
177 2323 243 2366 non
257 2305 390 2376 credam,
417 2307 490 2386 quid
502 2307 592 2367 tum?
619 2308 683 2368 imo
709 2305 801 2378 dicat,
853 2311 954 2385 potest
963 2307 996 2367 id
1006 2307 1172 2385 presumi:
1188 2325 1206 2366 e
1220 2303 1478 2383 contrasiprimo
1494 2298 1621 2360 videba-

49 2396 110 2456 nclo
127 2396 189 2474 jam
216 2399 352 2473 credere,
379 2399 431 2460 sed
445 2404 514 2460 tum
528 2399 662 2474 credam,
679 2397 803 2477 quando
853 2404 905 2458 tur
918 2399 1003 2478 ipsis,
1017 2399 1100 2478 quod
1114 2417 1179 2459 non
1192 2398 1426 2470 consensissent,
1445 2398 1501 2454 aut
1513 2392 1539 2452 si
1552 2397 1621 2452 tan·

57 2501 137 2563 epsus
163 2485 233 2548 erit.
261 2487 670 2556 metaumaucensis.
853 2495 922 2550 tum
941 2489 1103 2566 timebant,
1129 2491 1180 2551 vei
1198 2489 1391 2562 dubitabant,
1411 2504 1453 2548 au
1465 2503 1530 2546 non
1543 2501 1621 2544 con-

12 2569 32 2630 'd
81 2577 105 2656 §-
126 2581 154 2638 l.
167 2579 326 2652 Similiter,
343 2581 397 2659 qni
417 2579 626 2659 circajndicia
639 2579 804 2641 temeraria
852 2583 1028 2658 sensissent,
1064 2587 1255 2661 praesumant
1283 2599 1316 2641 se
1335 2597 1401 2640 non
1420 2575 1619 2650 consensisse,

49 2679 87 2728 est
102 2671 306 2751 scrupulosus,
322 2672 443 2734 tacilius
456 2674 570 2748 vincet,
588 2674 613 2734 si
630 2674 718 2753 qnasi
731 2692 802 2753 per·
853 2694 910 2736 nec
918 2675 1060 2736 recedere
1069 2675 1183 2736 debent
1193 2673 1403 2752 abillaprima
1409 2667 1619 2748 persuasione,

48 2762 155 2824 missiae
169 2780 200 2826 se
214 2764 359 2826 habendo
372 2771 561 2841 conmmnat,
575 2766 706 2846 quamsi
721 2763 804 2846 posi·
851 2769 902 2830 vel
918 2767 1105 2830 resolutione
1125 2765 1324 2840 semeliacta,
1352 2765 1465 2824 frustm
1479 2761 1564 2822 enim
1587 2777 1619 2820 se

49 2853 100 2914 tire
112 2863 216 2917 contra
230 2858 378 2932 luctatur,
393 2877 422 2919 v.
433 2877 465 2937 g.
480 2859 567 2918 audit
580 2859 697 2919 Titium
708 2859 802 2936 paulo
851 2860 1049 2934 divexabunt,
1078 2875 1150 2920 cnm
1163 2873 1325 2938 nunqnam
1343 2853 1492 2933 consequi
1503 2850 1621 2932 posunt

47 2944 158 3008 liberius
179 2949 348 3027 jocantem,
380 2950 489 3011 incidit
516 2950 676 3028 cegitatio:
704 2949 802 3010 Titius
852 2951 1078 3014 certitudinem.

48 3037 278 3116 estluxuriosus3
299 3041 349 3102 hic
364 3042 531 3104 nondebet
544 3041 664 3102 vallese
678 3057 800 3120 cogare,
891 3045 920 3123 §-
944 3047 976 3105 9.
998 3045 1057 3117 Qui
1078 3043 1195 3104 timide
1218 3047 1291 3102 sunt
1311 3037 1517 3112 consumitis,
1540 3055 1620 3097 nun-
1645 3063 1705 3124 554

47 3135 93 3190 act
104 3133 235 3194 rationes
243 3151 398 3212 quaerere,
409 3135 566 3212 utjudicet
577 3134 694 3195 Titium
702 3134 803 3214 potins
852 3154 948 3214 quam
964 3135 1125 3197 debentia
1139 3137 1216 3196 estu
1228 3133 1417 3206 tentationis,
1433 3131 1619 3210 qualiscum-

48 3239 103 3284 esse
125 3232 254 3301 eastum,
282 3226 335 3286 sed
358 3227 446 3305 quad
466 3231 656 3302 contemnat,
682 3226 803 3288 interne
852 3245 914 3307 qua
947 3229 1000 3289 illa
1034 3227 1082 3302 sit,
1114 3226 1305 3304 ammiane,
1335 3243 1377 3286 an
1409 3222 1622 3286 musenserint

47 3315 172 3392 desudo,
188 3317 426 3396 sitlnxuriosns,
435 3319 585 3398 quidtum
595 3319 669 3398 quid
682 3319 722 3380 ad
736 3320 802 3381 me?
852 3337 961 3396 necne,
975 3319 1029 3380 sed
1041 3319 1181 3397 rejiciant
1193 3319 1228 3378 iu
1241 3318 1326 3379 aliud
1344 3323 1479 3397 tempas,
1496 3314 1621 3394 quanm

48 3407 80 3468 sit
99 3409 179 3484 talis3
202 3427 278 3488 ergo
288 3410 410 3488 judicas
431 3427 494 3472 esse
514 3411 633 3472 talem?
651 3411 800 3489 judicem,
852 3413 1041 3474 deterbuerit
1053 3411 1195 3487 mutato,
1219 3415 1250 3472 et
1270 3409 1366 3490 qtdeli
1379 3413 1482 3484 erunt,
1496 3407 1569 3486 quia
1582 3406 1623 3466 ob

48 3499 112 3576 quid
124 3501 216 3562 tum‘l
239 3519 314 3580 ergo
331 3503 375 3563 sic
388 3503 434 3564 vis
447 3503 595 3582 peecare?
609 3521 733 3583 peccem
747 3504 800 3580 sic,
852 3505 1062 3567 turbationem
1076 3504 1189 3564 mentis
1202 3521 1266 3564 non
1279 3507 1545 3580 sunteotempore
1558 3499 1623 3578 apti

48 3591 111 3670 quid
127 3594 219 3655 tum?
239 3595 271 3656 Si
291 3595 334 3655 sic
348 3602 419 3674 agat
439 3597 678 3670 contemnendo,
702 3596 804 3676 reipsa
853 3599 893 3660 ad
903 3597 1116 3676 judicandum.
1133 3595 1197 3656 Nec
1210 3594 1315 3675 refert,
1328 3594 1410 3674 qnod
1424 3593 1566 3668 timeant,
1582 3607 1623 3652 ne

48 3700 95 3744 nec
103 3685 230 3763 judicat,
245 3703 303 3747 nec
316 3693 433 3766 peccat,
460 3687 534 3766 quia
554 3687 597 3748 sic
610 3705 643 3748 se
656 3686 801 3748 habendo
852 3689 1083 3762 obliviscantur,
1099 3691 1153 3748 aut
1165 3692 1272 3766 postea
1283 3677 1405 3747 nonita
1419 3684 1528 3760 sciant,
1543 3701 1621 3762 qno·

48 3777 164 3839 mareite
187 3779 344 3857 cognoscit
364 3797 397 3840 se
424 3795 488 3839 non
509 3795 572 3840 csse
596 3783 740 3858 paratum
762 3781 803 3842 ad
852 3782 946 3843 medo
976 3797 1009 3841 se
1031 3778 1208 3851 habuerint,
1240 3797 1309 3842 nom
1334 3778 1436 3857 potius
1460 3776 1622 3836 admittere

47 3871 234 3945 petamdum,
259 3887 316 3932 nec
332 3871 434 3950 reipsa
449 3871 544 3932 babet
561 3871 802 3950 judiciumillnd
852 3874 943 3936 debat
953 3873 1126 3954 pauculum
1137 3870 1310 3946 oblivionis,
1322 3869 1512 3949 quamseita
1524 3867 1623 3947 gravi-

48 3959 80 4020 da
94 3961 190 4024 Titio:
216 3981 233 4024 e
254 3969 361 4024 conus
374 3966 401 4023 si
423 3962 548 4040 incidat,
572 3981 637 4024 nen
655 3969 702 4025 est
713 3965 804 4026 luxu·
851 3967 975 4027 tarsine
988 3965 1090 4026 fructu
1101 3966 1224 4040 va‘xare,
1240 3967 1295 4024 aut
1309 3963 1402 4024 etiam
1416 3979 1449 4023 se
1468 3979 1622 4041 exponere

47 4052 145 4130 umus,
169 4055 298 4116 lieetita
316 4055 471 4135 loquatur,
497 4055 550 4116 sed
564 4061 683 4132 castrs;
708 4058 802 4118 otiam
851 4059 990 4139 periculo
1002 4057 1102 4136 reipsa
1112 4053 1334 4117 consentiendi.

48 4143 261 4227 bicsnspendat
269 4148 433 4226 judicium,
448 4153 478 4208 et
491 4148 615 4228 cogitet,
637 4149 675 4209 sit
689 4155 800 4226 mnus,
892 4151 921 4229 ς.
938 4153 988 4212 tt).
1000 4149 1058 4223 Oui
1067 4147 1110 4209 sie
1121 4149 1243 4209 interne
1255 4154 1385 4209 vexatm
1398 4153 1484 4208 metu
1496 4163 1622 4210 consen·
1646 4169 1705 4230 555

48 4238 113 4314 quid
130 4238 223 4300 tum?
251 4239 374 4301 sienim
395 4239 524 4320 positive
547 4241 689 4320 judicare
710 4243 804 4306 vellet
852 4242 960 4316 tiendi,
976 4241 1152 4302 monendus
1166 4247 1221 4309 ast,
1236 4258 1276 4301 ue
1290 4245 1389 4318 gestu,
1408 4237 1458 4302 vel
1475 4241 1576 4302 verbis
1589 4259 1622 4303 se

48 4341 103 4390 aaa
127 4335 257 4407 matrim,
280 4331 393 4392 iterum
415 4339 588 4394 recurreret
606 4333 750 4410 dubium,
773 4340 804 4396 et
852 4335 996 4398 defendat
1010 4338 1118 4394 conus
1139 4333 1356 4404 mundonem,
1376 4351 1408 4394 v.
1423 4349 1454 4411 g.
1476 4331 1622 4412 agitando

47 4423 543 4504 ceunomoppostuim,propter
551 4423 637 4504 jocos
645 4425 804 4488 liberiores
853 4432 955 4508 caput,
981 4425 1121 4500 dicendo,
1145 4425 1219 4484 nolo
1239 4425 1423 4499 consentire,
1449 4425 1534 4502 nolo,
1558 4445 1622 4488 non

44 4511 103 4590 jara
121 4515 251 4577 cadim.
853 4521 942 4596 facio,
955 4517 1063 4580 recede
1072 4515 1203 4590 diabole,
1219 4521 1277 4577 etc.
1292 4517 1360 4578 baec
1371 4517 1456 4578 enim
1469 4535 1534 4579 uon
1549 4527 1623 4580 sunt

10 4599 29 4662 'a
81 4605 107 4684 §.
123 4609 150 4669 8.
175 4608 234 4681 Qui
258 4608 380 4669 interne
404 4616 533 4672 vexatur
555 4609 803 4690 cogitationibus,
853 4611 1001 4684 remedie,
1025 4609 1079 4672 sed
1101 4609 1482 4687 majoresvcnationessni
1499 4611 1622 4692 :itaque

48 4698 445 4778 quasilleumblaaphemat,
460 4703 729 4778 velletdestrnere,
745 4709 803 4765 ete.
856 4703 973 4784 placide
995 4703 1036 4762 sit
1062 4702 1195 4780 quietus,
1226 4701 1310 4762 nude
1336 4707 1525 4778 contemnat,
1552 4711 1623 4783 agat

48 4791 178 4866 mmsis
199 4791 400 4870 cogitationes
421 4793 498 4855 tales
512 4794 675 4856 videantur
699 4797 806 4858 adcor
855 4797 939 4876 qued
951 4795 1025 4874 agit,
1040 4799 1095 4854 aut
1108 4791 1222 4853 sinilail
1234 4791 1338 4869 babet,
1354 4793 1435 4872 qood
1445 4799 1528 4873 agat,
1543 4798 1624 4875 eogi-

48 4877 154 4956 venire,
184 4880 328 4944 sitamen
355 4883 489 4964 seipsum
508 4885 588 4946 serio
612 4887 806 4966 interrogans
855 4895 900 4950 tet
922 4887 960 4948 de
987 4885 1052 4962 illo,
1081 4885 1164 4964 quod
1191 4883 1292 4963 primo
1319 4885 1475 4964 occurrit,¹
1489 4903 1520 4948 v.
1545 4890 1623 4963 g.si

48 4971 180 5034 videatur
194 4975 252 5034 sibi
271 4973 377 5036 omnia
390 4977 529 5056 opposita
543 4997 666 5059 cupere,
687 4982 806 5042 censeri
856 4981 1023 5041 tenesmum
1043 4977 1156 5052 videm,
1180 4983 1335 5050 numeret,
1357 4982 1434 5056 quot
1458 4978 1538 5040 vitra
1565 4981 1621 5042 ha·

49 5061 132 5124 debet
156 5065 241 5126 nullo
269 5067 362 5128 modo
377 5080 516 5146 peccaro,
546 5071 591 5130 uti
606 5077 676 5150 post
688 5072 804 5134 Baldel.
855 5073 936 5145 beat,
950 5073 1052 5148 eiectus
1064 5067 1184 5130 lucilius
1198 5069 1317 5130 evincat
1333 5087 1340 5128 t
1357 5069 1441 5148 quod
1455 5069 1481 5130 si
1494 5073 1622 5134 tanmtio

49 5159 129 5216 notat
141 5158 257 5236 Burgh.
267 5165 377 5220 centur.
391 5163 419 5220 l.
434 5177 492 5222 cac.
509 5163 559 5221 tl.
576 5163 650 5241 quia
663 5162 703 5224 ob
716 5165 807 5226 vebe-
856 5163 1059 5226 nihilominus
1065 5165 1174 5240 pergat
1181 5159 1336 5233 iniectare,
1346 5161 1528 5224 uibilreiert
1538 5185 1546 5240 ;
1558 5183 1624 5226 uon

50 5247 190 5308 mantiam
203 5249 385 5328 phantasia,
399 5257 432 5312 et
443 5252 656 5315 turbationem
669 5254 806 5318 intellec·
855 5261 957 5326 nocet,
970 5255 996 5315 si
1009 5253 1177 5315 dabberata
1191 5253 1334 5313 voluntas
1351 5269 1415 5313 non
1432 5257 1556 5318 accedat
1568 5275 1624 5338 per

51 5343 94 5397 tus
127 5339 292 5419 impeditur
322 5339 464 5402 libertas:
492 5350 611 5406 eertum
639 5348 723 5408 enim
749 5355 805 5424 est,
857 5345 1624 5426 eonsensum,cujuspericulumnonestinbomine

51 5431 127 5506 t⁰⁰d
146 5447 209 5492 non
220 5435 344 5493 mutum
358 5435 513 5512 passiones
527 5437 606 5512 alise,
632 5440 685 5500 sad
713 5441 807 5502 etiam
857 5441 1011 5507 timorato,
1024 5455 1082 5499 nee
1091 5437 1183 5500 debet
1193 5437 1378 5516 presumtio
1388 5437 1473 5517 ipso:
1489 5441 1522 5502 id
1531 5443 1624 5504 etiam

52 5520 277 5584 saxialormido
290 5524 378 5584 tollat
390 5525 631 5590 indifferentiam
640 5531 759 5609 judicii,
776 5537 807 5593 et
856 5532 1094 5610 observandum,
1105 5529 1190 5610 quod
1202 5529 1353 5607 ejusmodi
1369 5529 1465 5592 bomo
1480 5535 1623 5596 tentabo-

53 5611 227 5689 solantatis3
260 5615 333 5676 hino
357 5615 459 5696 iuquit
490 5617 585 5682 Hear.
617 5621 691 5684 &aaa
722 5624 807 5703 apud
857 5639 930 5684 nem
956 5625 1056 5702 ipsam
1083 5628 1206 5700 reputat
1225 5637 1281 5698 pro
1303 5637 1476 5702 consensu,
1504 5643 1578 5688 nam
1598 5631 1625 5690 si
