3944 6350
337 378 396 440 136
982 377 1102 438 LIBER
1125 375 1272 438 PRIMUS

336 545 631 619 dumadversarios‚
643 545 739 623 injus
751 549 870 604 naturae
886 549 1002 623 spectat
1016 543 1104 622 sequi
1193 541 1264 604 Imt.
1290 544 1406 604 Saltem
1424 544 1600 622 ignorantia
1610 545 1693 625 juris
1709 549 1890 610 naturane
1905 553 1938 612 tn

336 640 502 701 sententias
515 637 747 719 probabiliores,
768 642 822 697 aut
843 637 936 698 etiam
949 637 1079 698 tutiores
1093 659 1101 712 ;
1153 642 1255 714 posset
1264 651 1320 714 ρετ
1333 635 1440 696 lumen
1454 637 1572 715 gratier,
1586 656 1681 717 quam
1692 639 1819 718 quisque
1829 645 1890 701 tenc

336 731 460 793 sednisi
475 730 712 793 maximamDD.
724 727 1101 806 multitudinemdamnes‚
1153 732 1205 786 tur
1232 732 1346 807 petere,
1368 733 1399 789 et
1419 728 1503 789 debit
1526 731 1617 799 Deus,
1637 731 1684 791 uti
1704 729 1797 792 babet
1812 732 1838 792 S.
1849 733 1890 794 lb.

336 825 395 885 boo
404 824 456 904 jus
467 821 683 884 invincibiliter
696 822 873 900 ignoratum
883 826 938 896 est,
954 826 985 882 et
993 821 1106 882 adhue·
1154 837 1252 898 opusc.
1265 821 1315 880 73.
1327 820 1360 879 in
1373 821 1537 899 proaemio,
1552 822 1626 901 qnia
1634 823 1815 885 vultomnes
1821 824 1893 884 salvos

336 917 413 978 dnm
426 916 587 994 ignoratur
599 933 618 974 a
631 912 747 975 multis.
764 914 810 973 uti
830 919 948 974 mnstat
965 931 1005 973 ea
1017 913 1105 974 dietis
1153 908 1232 986 fieri,
1248 911 1419 991 diciturque
1429 914 1607 976 illuminare
1620 933 1749 977 omnem
1763 916 1894 977 hominen

336 1027 425 1070 num.
440 1009 500 1070 169
527 1008 783 1084 stanenges.
802 1005 834 1066 Si
847 1005 1106 1085 nondaturigno-
1154 1004 1329 1065 venientem
1358 1005 1391 1066 in
1416 1005 1500 1067 hune
1527 1008 1704 1069 mnndum:
1733 1009 1807 1070 hine
1826 1010 1894 1070 eden

335 1101 438 1162 rantie
456 1099 641 1160 invincibilis
661 1098 782 1177 injure
802 1104 932 1170 naturae,
958 1116 1031 1176 ergo
1043 1099 1105 1177 ⁴qui
1154 1095 1238 1156 Trid.
1254 1115 1318 1158 sess.
1340 1099 1372 1158 6.
1389 1116 1414 1158 c.
1436 1101 1483 1160 11.
1508 1098 1561 1172 ait,
1584 1098 1803 1181 Demjubeudo
1815 1109 1894 1176 aava,

336 1199 444 1254 eontra
462 1193 514 1270 jes
533 1197 653 1252 naturae
668 1195 812 1270 operatur
835 1207 966 1269 sequens
981 1195 1105 1251 senten·
1154 1187 1488 1270 etfacerequodpossis,
1504 1199 1643 1272 repetere
1655 1191 1736 1273 quod
1751 1211 1807 1253 non
1819 1193 1894 1274 posi,

335 1287 410 1346 tiam
436 1282 738 1364 probabilissimam,
762 1281 812 1342 ille
839 1300 902 1342 non
929 1288 1104 1359 excusatur,
1155 1282 1184 1340 et
1203 1278 1337 1360 arty'ueat
1368 1289 1401 1340 et
1423 1281 1527 1362 possis
1559 1285 1600 1344 R.
1628 1287 1656 1345 l.
1680 1284 1770 1346 Idem
1785 1286 1856 1346 valet
1870 1287 1897 1346 dc

335 1377 679 1439 hooautemdamnatnr
692 1373 731 1434 ab
739 1373 944 1434 Alex.Vlllin
953 1373 1104 1454 haeprop.
1155 1371 1338 1450 ignorantiis
1356 1373 1437 1452 juris
1459 1375 1591 1454 positivi.
1611 1377 1652 1436 R.
1673 1379 1704 1437 R.
1731 1378 1802 1438 Non
1818 1397 1897 1440 enne
1956 1451 1957 1454 Ἴ

336 1473 366 1545 3,
374 1469 445 1532 Noa
458 1465 842 1550 licetreqm'opim'oucm,eel
854 1465 932 1525 inter
941 1464 1107 1545 probabiles
1156 1462 1345 1541 ignorantias
1358 1466 1425 1528 illas
1438 1467 1518 1528 vinci
1531 1486 1618 1547 posse
1628 1470 1825 1548 pergratiam
1836 1471 1897 1530 ordi·

253 1589 313 1653 725
334 1557 802 1644 probabilissimumergo.Coos.
816 1575 889 1618 nam
905 1558 1108 1638 eliquaigno·
1156 1557 1300 1618 onnam:
1323 1558 1513 1620 lieetautem
1526 1559 1607 1620 vinci
1621 1561 1742 1640 possint
1757 1567 1898 1642 perarm-
1956 1633 1957 1636 Ἴ

336 1654 542 1733 rantiainjure
550 1657 669 1713 natinae
677 1656 802 1712 excusat
815 1656 977 1729 apeeoato,
987 1651 1033 1711 uti
1047 1669 1104 1713 an.
1156 1649 1355 1726 ordinariam,
1377 1669 1441 1712 non
1458 1651 1527 1712 ideo
1548 1652 1660 1714 desinit
1672 1654 1900 1730 ignorantiavsa
1956 1639 1957 1654 ¹

337 1742 1108 1828 'ldtprobabitnrergoaliquaestinvincibilisti
1157 1740 1353 1811 invincibilis,
1384 1742 1460 1803 alias
1486 1762 1544 1805 nec
1563 1745 1615 1823 jus
1636 1746 1806 1824 positivum
1824 1752 1900 1826 posset
1956 1819 1957 1822 Ἴ

337 1840 424 1902 ovilla
451 1839 518 1901 dari
543 1844 646 1918 posset
672 1834 871 1910 invincibilis,
900 1851 973 1911 ergo
996 1835 1051 1914 qui
1070 1854 1109 1896 ex
1156 1832 1376 1895 invincibiliter
1392 1835 1541 1914 ignorari,
1558 1837 1631 1916 quia
1645 1837 1729 1899 vinci
1747 1840 1902 1917 possethac

337 1931 513 2012 ignorantia
526 1929 825 1992 feeitmultosaetus
839 1927 1107 2006 eontrajusnatn-
1157 1923 1331 2000 ignorantia
1355 1945 1411 2006 per
1437 1929 1552 2006 gratias
1582 1931 1847 1992 extraordinarias.
1866 1931 1900 1992 ll

336 2043 392 2102 rae,
404 2041 525 2103 sempor
540 2005 891 2091 confitebiturinvalide,
907 2019 981 2080 binc
992 2019 1107 2100 sipost»
1157 2017 1244 2091 illud,
1259 2018 1298 2079 de
1309 2018 1495 2097 obligatione
1507 2022 1626 2098 orandi,
1643 2023 1683 2083 R.
1694 2023 1752 2084 SS.
1762 2025 1818 2084 PP.
1830 2024 1903 2104 petis

336 2117 464 2179 modum
486 2113 713 2194 intelligathoe,
735 2112 785 2172 vel
806 2111 883 2173 illud
896 2111 988 2172 fuisse
1000 2117 1109 2174 contra
1157 2115 1242 2184 runt,
1260 2117 1291 2172 et
1303 2116 1409 2175 tamen
1422 2113 1503 2174 eirea
1516 2113 1568 2193 jus
1586 2119 1708 2177 nebrrae
1724 2121 1903 2191 errarnnt;rt
1956 2149 1957 2152 τ

332 2210 385 2288 jus
398 2205 697 2282 naturae,tenebitur
707 2210 846 2284 repetere
862 2221 970 2265 omnes
984 2203 1107 2265 Confes-
1157 2201 1260 2263 adhuc
1273 2204 1349 2265 dum
1371 2211 1482 2284 petunt
1507 2206 1571 2283 alii,
1588 2207 1642 2286 qni
1664 2213 1773 2270 tamen
1795 2214 1904 2289 pergunt
1957 2279 1958 2282 Ἴ

337 2303 439 2364 siones
461 2302 555 2362 totins
581 2299 668 2359 vitae:
699 2297 725 2359 si
750 2298 863 2358 iterum
886 2302 973 2375 posta
992 2297 1109 2377 aliquid
1158 2312 1272 2372 errare,
1301 2297 1346 2357 uti
1374 2302 1491 2358 constat
1514 2317 1553 2359 ex
1578 2298 1666 2360 dictis
1693 2319 1729 2360 n.
1756 2303 1825 2362 722.
1845 2301 1903 2360 lline
1957 2309 1958 2368 ζ

336 2396 410 2458 novi
422 2394 584 2472 intelligat,
594 2392 709 2452 iterum
720 2388 875 2450 tenebitur
883 2394 1021 2468 repetere
1029 2390 1109 2469 prio·
1159 2385 1192 2446 S.
1208 2389 1288 2466 Aug.
1306 2387 1335 2448 io
1346 2387 1448 2468 Epist.
1464 2391 1513 2450 28.
1525 2390 1566 2450 oct
1574 2389 1701 2452 Hieron.
1715 2393 1779 2454 ait:
1793 2393 1906 2466 Quaenir
1956 2371 1958 2412 ³

336 2507 414 2564 rem,
429 2493 460 2548 et
474 2486 734 2566 reliquasomnes,
744 2482 978 2560 sioquesaepius,
989 2483 1109 2562 quoties
1156 2476 1326 2555 desiderem,
1342 2499 1452 2561 rogem,
1468 2482 1543 2542 ectri
1556 2481 1728 2544 credemibus
1740 2493 1905 2566 exoptans

337 2573 1108 2653 recurretmemoriaalieujnslaetirepugnantisjuri
1156 2588 1212 2650 ρετ
1226 2575 1254 2632 te
1266 2569 1344 2632 milii
1364 2571 1511 2633 Dominus
1537 2571 1626 2646 buius
1648 2577 1696 2635 rei
1714 2576 1830 2657 auferet
1842 2577 1906 2658 ipae

337 2679 470 2748 naturae,
482 2671 647 2732 etdemum
655 2667 692 2743 si,
701 2666 751 2726 vel
759 2665 889 2726 unicum
901 2672 1006 2727 actum
1013 2673 1109 2746 ponat
1158 2663 1306 2732 rentiam:
1316 2669 1414 2726 tamea
1422 2665 1459 2737 si,
1467 2663 1544 2746 quod
1551 2665 1638 2740 absr't,
1650 2667 1772 2729 minime
1786 2687 1905 2744 manera,

338 2767 429 2847 plane
450 2765 599 2843 ignorans
621 2764 731 2821 eontra
749 2758 801 2836 jus
824 2764 963 2834 naturae,
982 2759 1109 2820 tandem
1155 2755 1329 2836 patientiam
1354 2757 1432 2817 midi
1452 2767 1553 2838 petam
1571 2758 1732 2821 aDomiao
1746 2761 1906 2836 Dmnostre,
1957 2751 1958 2754 ¹

338 2855 660 2928 etiamdamnabitur;
676 2851 927 2931 primumantem
940 2851 1107 2913 estintole-
1158 2847 1284 2928 iuquam
1299 2849 1339 2908 sie
1353 2847 1506 2926 credimus,
1524 2851 1675 2932 utaliqea
1689 2852 1770 2914 note
1788 2873 1908 2934 muopa-
1957 2899 1958 2902 ,

337 2950 445 3026 rabile,
459 2956 490 3010 et
503 2945 1108 3023 seeundumnonestpraesumendumde
1158 2940 1219 3000 riri
1248 2940 1436 3020 pulsantibus
1471 2941 1552 3003 nullo
1587 2943 1671 3005 modo
1701 2945 1909 3008 marronam

338 3043 443 3104 divina
456 3039 614 3113 bonitatc3
631 3054 714 3116 ergo.
733 3037 780 3095 Ex
793 3034 881 3096 dietis
1158 3050 1346 3094 murmurare
1362 3033 1524 3095 debirarum.
1548 3035 1700 3098 Similiter
1728 3039 1761 3100 S.
1785 3041 1840 3100 Th.
1857 3039 1876 3099 i.
1889 3058 1908 3099 c.

252 3143 313 3206 726
381 3133 518 3214 Cottiqes,
533 3132 614 3192 inter
628 3126 772 3190 articulos
795 3127 901 3188 Romae
918 3146 1002 3188 anno
1030 3129 1108 3190 1685
1158 3125 1235 3204 petit
1260 3125 1377 3195 lumen,
1407 3132 1443 3187 ut
1466 3134 1646 3206 agnosceret
1664 3131 1826 3194 veritatem
1848 3133 1911 3194 eirca

338 3227 388 3288 die
411 3228 441 3287 8.
471 3224 603 3303 Augusti
630 3221 778 3295 confixos,
807 3238 885 3299 quos
909 3219 1110 3282 defenderant
1157 3235 1296 3294 usuram,
1311 3226 1342 3280 et
1354 3224 1460 3281 temen
1470 3237 1551 3300 saepe
1562 3220 1695 3300 dubitat,
1703 3224 1908 3303 quidrasolvat,
1958 3243 1959 3304 }

339 3317 488 3396 Theologi
515 3315 611 3395 aliqui
645 3311 867 3379 Lovanienses,
901 3312 994 3373 etiam
1025 3313 1109 3374 huno
1158 3308 1332 3390 fateturque
1349 3330 1381 3372 se
1403 3312 1503 3373 multa
1524 3312 1625 3375 dicere
1645 3320 1771 3377 tantum
1785 3317 1910 3397 probabi-

340 3411 448 3472 ordine
468 3408 598 3469 tertium
614 3405 697 3485 juste
710 3422 774 3466 esse
788 3403 955 3478 munaum,
970 3406 1024 3484 qui
1037 3424 1108 3484 pro·
1158 3401 1238 3478 liter,
1256 3401 1423 3484 Necjucet,
1436 3405 1519 3483 quod
1533 3407 1613 3467 Dens
1625 3406 1700 3468 velit
1713 3410 1910 3470 omnessalvos

338 3507 495 3584 pugnatus
521 3505 587 3561 erat
615 3498 648 3558 in
681 3495 808 3575 collegio
835 3496 964 3556 Adriani
987 3497 1036 3558 die
1058 3499 1107 3558 ln.
1158 3490 1237 3567 fieri,
1260 3511 1326 3552 nem
1351 3493 1470 3555 adhoc
1490 3511 1554 3554 non
1577 3501 1623 3556 est
1641 3513 1721 3575 opus
1740 3498 1809 3558 tolli
1822 3514 1911 3559 omns

338 3595 423 3672 Julii,
441 3592 571 3655 Nullam
589 3587 780 3651 admittimus
793 3587 994 3668 ignorantiam
1009 3589 1108 3650 inuia·
1158 3583 1348 3662 ignorantias
1369 3585 1449 3662 juris
1476 3591 1608 3664 natnrae,
1632 3604 1707 3649 cum
1734 3608 1800 3650 non
1825 3591 1910 3650 omne

337 3685 542 3768 eibr'laujuriv
558 3691 675 3744 aeturae
691 3681 723 3741 io
736 3679 801 3741 relic
815 3679 939 3759 domine,
959 3679 1030 3742 dem
1059 3681 1110 3744 liic
1159 3675 1221 3736 sint
1229 3677 1268 3737 de
1281 3677 1458 3738 necessitate
1472 3677 1583 3752 medii3
1599 3697 1656 3758 per
1669 3679 1731 3742 boe
1741 3685 1844 3742 autem
1856 3681 1913 3742 dici

337 3788 366 3842 et
376 3798 456 3842 aeae
469 3785 574 3838 centra
580 3775 634 3856 jus
645 3778 763 3834 nature
776 3771 851 3852 epit.
1158 3773 1210 3828 tnr
1219 3769 1394 3830 illuminare
1404 3787 1531 3830 omnem
1540 3769 1714 3848 bominem,
1723 3781 1800 3852 quot
1811 3775 1859 3835 det
1865 3772 1913 3834 sni
1958 3807 1959 3854 3

253 3889 312 3948 727
380 3881 416 3952 Q.
434 3873 502 3932 lit.
523 3866 674 3942 Questus,
691 3871 720 3925 et
734 3864 1108 3945 quornodosotcemurar-
1158 3860 1291 3922 ficientia
1300 3861 1672 3941 auxiliandagnitionem
1685 3865 1745 3939 sui,
1766 3872 1799 3927 et
1808 3883 1911 3940 eornm,

337 3970 477 4046 gemente
488 3959 723 4025 adversariorum
734 3955 750 4016 1
759 3959 853 4037 Resp.
1159 3972 1228 4032 quae
1242 3959 1315 4015 sunt
1333 3954 1371 4016 de
1392 3954 1571 4017 necessitate
1586 3955 1693 4016 medii.
1712 3957 1797 4020 Trid.
1824 3963 1912 4020 monet
1958 3979 1959 3982 ¹

380 4057 475 4138 Objr'e.
495 4058 523 4115 1.
540 4052 646 4116 Omnis
660 4049 772 4111 veritas
785 4048 911 4110 moralis
925 4054 970 4110 est
990 4049 1110 4112 inveni·
1157 4045 1347 4126 facerequod
1356 4047 1463 4127 possis,
1473 4047 1911 4128 suppositaeogitotioneillins,
1958 4057 1959 4068 ³

337 4151 420 4228 bilis,
434 4164 507 4226 ergo
520 4145 608 4207 nulle
628 4143 719 4204 datur
732 4141 908 4220 ignorantia
924 4140 1109 4203 invincibilis
1159 4139 1243 4217 quod
1262 4138 1362 4200 boore
1376 4138 1478 4214 debes,
1500 4156 1564 4200 non
1574 4145 1682 4201 antem
1696 4149 1805 4204 monet
1818 4143 1912 4214 lacera

338 4245 417 4305 cirea
444 4237 622 4320 operabilia.
644 4237 682 4296 R.
708 4253 740 4294 n.
771 4239 869 4294 antee.
900 4233 937 4293 de
960 4252 1022 4313 qno
1037 4234 1109 4296 sotis
1159 4231 1239 4309 qnod
1255 4248 1320 4290 non
1344 4231 1503 4310 cognoscis
1528 4249 1594 4293 esse
1613 4231 1806 4310 faciendum,
1829 4251 1914 4313 noque

339 4336 457 4398 dictum
469 4338 515 4394 est
528 4350 547 4392 a
560 4349 592 4391 n.
610 4331 680 4390 707.
1159 4322 1234 4383 dicit
1253 4327 1284 4384 te
1298 4341 1420 4403 semper
1431 4341 1618 4402 cognoscere
1632 4325 1675 4397 id,
1687 4327 1772 4406 quod
1784 4327 1860 4407 petis
1871 4345 1913 4387 oo·

255 4443 315 4507 728
382 4427 476 4508 Objia
492 4427 523 4486 ⁶2.
539 4421 747 4484 Potuissemus
755 4417 822 4478 illas
834 4417 1024 4496 ignorantias
1028 4418 1109 4497 juris
1157 4433 1316 4494 gnoscere,
1340 4420 1372 4477 et
1393 4415 1641 4494 qnoddceetero
1651 4418 1914 4481 essetiamenduro.
1957 4487 1959 4496 ,

339 4525 459 4581 naturae
469 4510 1106 4591 vincere,sinonpeccassemusinlldamo,
1199 4507 1295 4586 Objie.
1321 4509 1350 4568 3.
1374 4507 1407 4568 Si
1428 4508 1519 4568 detrn
1542 4507 1718 4588 ignorantia
1741 4499 1959 4608 invincibilisrd

338 4630 412 4691 ergo
426 4611 487 4672 illm
502 4606 684 4687 ignorantia
696 4621 762 4665 non
775 4606 848 4662 sunt
860 4600 999 4662 absolute
1008 4602 1107 4662 invin-
1156 4598 1233 4680 legis
1246 4598 1405 4676 naturalis,
1425 4599 1491 4662 hac
1509 4599 1560 4662 lex
1576 4601 1691 4663 frustra
1704 4603 1773 4680 erit,
1790 4601 1916 4684 quiaerit
1958 4613 1959 4616 ’

338 4704 454 4765 oibrlcs.
483 4703 524 4762 R.
554 4702 584 4759 l.
613 4696 714 4757 Etiam
740 4695 783 4755 sie
807 4694 931 4754 vincere
948 4695 1108 4773 potuimus
1156 4691 1414 4771 incognoscibilis,
1438 4691 1577 4773 adeoque
1603 4693 1802 4774 impossibilis
1824 4695 1915 4756 obser·

337 4789 615 4876 ignorantiasjuris
627 4787 760 4869 positivi,
778 4792 807 4846 et
821 4786 1107 4848 tamenseeendum
1156 4792 1241 4846 vate.
1266 4786 1307 4845 R.
1330 4787 1359 4846 l.
1383 4784 1469 4845 ldem
1482 4785 1585 4847 valere
1598 4793 1708 4848 eontra
1720 4787 1915 4868 ignorantiam

337 4886 527 4950 adversarios
546 4881 614 4942 dari
638 4885 738 4960 potest
759 4877 942 4939 invincibilis
965 4879 1044 4940 eirca
1053 4881 1106 4959 jes
1157 4875 1369 4938 invincibilem
1382 4876 1458 4956 legis
1469 4877 1621 4956 positivae.
1635 4879 1677 4940 R.
1689 4881 1720 4940 2.
1734 4899 1768 4941 n.
1782 4895 1916 4960 somnam

337 4981 514 5061 positivum.
530 4977 565 5037 R.
583 4975 613 5034 2.
630 4987 699 5047 neg.
718 4988 801 5031 cons.
825 4975 944 5032 eean
962 4970 1048 5032 enim
1061 4977 1108 5034 est
1158 4968 1265 5031 saltem
1281 4968 1647 5050 aliquieamagnoscnnt,
1660 4971 1712 5033 vel
1720 4977 1914 5052 agnoverunt,
1957 5021 1959 5076 ρ

337 5073 465 5148 adhoc,
487 5075 522 5131 ut
544 5064 662 5146 aliquid
678 5063 798 5126 dicatur
815 5061 935 5124 anobis
948 5062 1103 5134 vincibile,
1157 5061 1207 5122 vel
1233 5079 1289 5123 suo
1313 5066 1454 5141 tempore
1477 5067 1655 5140 agnoscent,
1678 5064 1760 5126 unde
1775 5061 1915 5143 ejusmodi

337 5169 368 5226 et
380 5160 602 5234 voluntariam,
619 5175 685 5218 non
698 5173 763 5217 esse
777 5155 859 5228 satis,
875 5154 960 5235 quod
973 5155 1106 5234 pendeat
1157 5153 1219 5230 lex,
1235 5172 1292 5215 nec
1304 5171 1360 5234 per
1380 5171 1423 5230 se,
1445 5173 1503 5216 nec
1517 5155 1657 5218 absolute
1677 5155 1914 5237 estinoognosci·

336 5260 491 5336 apeooato
501 5249 656 5332 originali,
666 5254 702 5309 nt
710 5248 890 5309 dicemusn.
905 5249 974 5308 743.
986 5248 1024 5308 Et
1032 5247 1106 5309 hinc
1156 5246 1242 5322 bilis;
1264 5246 1405 5327 qumnvis
1427 5265 1493 5308 non
1515 5247 1554 5310 sit
1570 5249 1712 5329 proxime
1729 5247 1915 5310 observabilis

336 5349 430 5411 etiem
443 5346 530 5408 Alex.
547 5345 633 5404 VIII.
649 5341 808 5404 damnavit
819 5340 899 5401 bene
914 5341 953 5399 19
979 5357 1103 5420 propos.
1156 5344 1296 5419 respectu
1322 5337 1464 5415 illorum,
1493 5339 1548 5420 qni
1572 5342 1732 5420 ignorant,
1759 5341 1844 5422 qnod
1867 5357 1915 5420 per

337 5439 431 5502 Homo
450 5437 529 5500 dedet
550 5454 636 5517 agere
657 5443 716 5497 toto
739 5433 800 5495 vita
824 5431 1032 5513 penitentiam
1046 5451 1104 5512 pro
1155 5432 1297 5494 amidens
1315 5436 1371 5501 est,
1394 5437 1426 5493 ct
1439 5450 1509 5494 eam
1520 5432 1623 5495 reddit
1635 5434 1791 5515 aliquibm
1804 5439 1913 5496 motum

336 5538 451 5614 peceato
462 5527 613 5610 originali.
1156 5525 1207 5586 bic
1230 5531 1260 5586 et
1274 5524 1638 5588 nuncinobservebilem.
