3938 6338
350 377 409 437 161
892 375 926 435 Ρ.
949 369 1141 433 STEPHANI
1162 369 1212 430 DE
1233 367 1391 430 GHAMPS

348 541 454 616 tutior,
483 547 514 601 et
540 541 746 622 probabilior,
775 541 829 602 sed
852 545 952 619 potest
979 535 1118 598 alterutri
1167 536 1245 597 9.1.
1263 537 1312 596 ia.
1328 532 1500 596 Turrianus
1512 533 1546 595 in
1559 537 1590 596 1.
1605 534 1635 594 1.
1651 531 1728 612 disp.
1747 533 1789 594 13.
1801 533 1889 598 duna.

348 651 456 695 earum
488 635 618 714 quisque
651 652 683 694 se
711 633 923 708 conformare,
948 629 1118 691 dummodo
1168 625 1889 705 1111.811111111111118.(1111111111.

347 727 405 788 sibi
417 727 602 807 persuadet,
621 743 706 802 cam,
724 745 820 806 quam
839 725 1034 805 amplectitur
1054 739 1119 784 esse
1167 724 1198 782 6.
1215 721 1362 782 Conincb.
1378 725 1455 782 tom.
1471 723 1502 781 1.
1518 720 1557 782 de
1575 720 1761 781 Sacrament.
1784 719 1846 798 disp.
1857 723 1891 782 u.

347 817 558 901 probabilem,
594 820 685 899 eique
721 818 926 893 assentiatur,
958 822 1118 894 tamquam
1169 832 1202 873 n.
1225 815 1275 874 81.
1298 814 1411 876 Oviedo
1432 813 1475 873 in.
1501 817 1531 874 1.
1547 815 1576 874 1.
1594 817 1681 872 tract.
1697 813 1727 879 3,
1743 811 1861 872 Contror.
1872 815 1893 873 3.

347 911 535 973 sufficienter
558 911 705 982 fundato,
727 911 870 992 quamvis
894 909 972 970 10111
993 913 1118 969 contra·
1169 915 1284 985 puncto
1298 909 1328 967 1.
1351 905 1480 984 Arriaga
1497 906 1531 966 in
1549 908 1577 966 1.
1604 906 1635 964 1.
1650 903 1729 983 disp.
1743 905 1789 964 11.
1803 909 1859 964 sest.
1872 907 1892 966 t.

347 1005 427 1065 riam
447 1009 574 1083 propter
593 1005 786 1084 urgentiores
812 1002 947 1064 rationes
966 1000 1120 1062 existimet
1169 998 1370 1060 Pallavicinus
1397 998 1430 1058 in
1457 1001 1487 1059 1.
1516 999 1546 1058 1.
1568 997 1645 1076 disp.
1671 998 1701 1058 9.
1727 1015 1756 1074 q.
1775 998 1896 1057 11111.

348 1115 412 1158 esse
425 1097 591 1158 veriorem.
617 1099 664 1158 Ila
678 1097 803 1158 Medina
819 1097 887 1157 loco
906 1093 1117 1174 supracitato.
1169 1090 1343 1170 Hauriquer,
1356 1089 1378 1150 l.
1401 1092 1451 1151 11.
1467 1109 1494 1150 c.
1507 1091 1536 1151 3.
1551 1109 1584 1150 n.
1601 1091 1631 1150 3.
1649 1089 1780 1150 Sancbez
1787 1088 1833 1148 lib.
1845 1089 1898 1150 lin

347 1190 454 1268 Neque
467 1190 527 1250 boc
547 1189 735 1251 contrariom
751 1195 797 1250 est
809 1187 1009 1269 supradictis,
1034 1185 1119 1245 vide·
1170 1182 1274 1244 Decet.
1303 1201 1370 1262 cap.
1397 1183 1427 1242 9.
1457 1201 1488 1242 1.
1517 1183 1567 1242 11.
1595 1181 1684 1242 Azor.
1711 1180 1733 1242 l.
1757 1180 1898 1241 1111111111.

347 1281 418 1342 licet
431 1282 514 1361 quod
533 1283 567 1343 in
586 1283 688 1343 dubiis
701 1282 843 1360 eligenda
862 1281 900 1341 sit
924 1299 994 1360 pars
1012 1277 1118 1354 tutior,
1170 1275 1281 1336 moral.
1297 1293 1364 1354 cap.
1387 1278 1437 1336 16.
1454 1293 1485 1353 q.
1499 1277 1527 1336 3.
1546 1275 1707 1353 Laymann
1720 1277 1801 1334 tract.
1814 1277 1838 1334 t.
1851 1293 1898 1354 cap.

348 1374 421 1454 quia
435 1375 559 1454 qnando
580 1381 712 1455 utraque
731 1393 803 1454 pars
826 1379 871 1434 est
888 1371 1066 1453 probabilia,
1091 1375 1121 1430 et
1170 1370 1199 1430 5.
1223 1367 1249 1446 ξ.
1276 1369 1306 1428 1.
1333 1387 1366 1428 ιι.
1385 1370 1413 1428 Ἰ.
1436 1367 1593 1427 Fillincins
1608 1371 1696 1426 tract.
1725 1367 1773 1426 so.
1786 1366 1898 1426 1191111

347 1465 541 1526 sufficiendae
557 1467 686 1528 lundata
708 1465 797 1548 (siout
810 1466 861 1526 bic
874 1460 1030 1545 ponimus)
1046 1481 1121 1522 neu·
1170 1479 1197 1521 1.
1214 1462 1243 1520 1.
1261 1480 1292 1520 n.
1317 1461 1386 1520 118.
1404 1459 1590 1538 Reginaldus
1606 1458 1638 1519 in
1652 1458 1740 1537 praxi
1756 1457 1809 1518 lori
1820 1457 1900 1536 penit.

348 1563 396 1618 tra
419 1565 564 1620 censetur
578 1577 643 1619 esse
664 1559 779 1636 dubia,
797 1559 850 1620 sed
869 1557 964 1618 babet
989 1569 1121 1634 utraque
1170 1551 1224 1612 bb.
1240 1553 1289 1612 13.
1310 1572 1337 1612 1.
1355 1554 1402 1612 tt).
1419 1556 1490 1612 sect.
1516 1555 1545 1612 1.
1564 1549 1725 1612 Gordonus
1745 1549 1796 1610 lib.
1810 1552 1834 1609 t.
1847 1569 1870 1630 q.
1880 1551 1900 1610 1.

347 1651 560 1712 certitudinem
574 1653 763 1726 moralem„
1171 1663 1204 1704 1.
1221 1645 1270 1704 33.
1286 1663 1305 1704 1
1319 1644 1424 1704 Castro
1438 1643 1531 1703 Palao
1545 1648 1633 1722 parte
1647 1645 1678 1702 1.
1691 1642 1767 1720 disp.
1782 1643 1809 1700 1.
1819 1647 1903 1720 puncto

389 1744 443 1804 His
460 1744 588 1823 adjungi
611 1745 703 1806 debet
727 1743 897 1804 Richardus
922 1741 1038 1809 Halios,
1069 1757 1122 1800 na-
1170 1739 1200 1798 1.
1217 1735 1371 1796 Baldellus
1382 1735 1403 1796 l.
1416 1737 1445 1796 1.
1463 1735 1540 1814 disp.
1558 1738 1606 1796 11.
1623 1754 1657 1795 1.
1672 1732 1901 1794 t.Bresseruslib.

348 1837 434 1896 tione
447 1837 573 1916 quidem
589 1837 720 1915 Anglns,
742 1837 795 1896 sed
808 1835 957 1895 diuturna
982 1851 1121 1895 commo·
1171 1831 1199 1890 3.
1217 1827 1256 1888 de
1278 1827 1464 1889 conscientia
1482 1845 1547 1906 mp.
1574 1829 1604 1888 8.
1627 1827 1742 1905 aliique
1756 1825 1902 1905 complures.

349 1928 470 1988 ratione
499 1929 611 2006 Belga,
640 1933 675 1988 ut
689 1933 808 1988 constat
821 1945 860 1987 ex
872 1929 889 1988 J
893 1943 994 1986 oanne
1008 1926 1119 2000 Pitseo,
1211 1921 1357 1994 Qiramvis
1370 1926 1435 1980 tam
1448 1919 1540 1979 multi
1561 1921 1630 1980 Soc.
1650 1925 1763 1979 nostra
1780 1919 1905 1997 scriptores

350 2020 405 2098 qui
417 2025 448 2079 et
459 2019 660 2100 multiplicem
679 2021 743 2096 ejus
754 2018 944 2080 occidionem
966 2034 1122 2077 commen·
1171 2011 1338 2072 sententias
1352 2010 1419 2072 illas
1433 2011 1568 2090 amplexi
1582 2012 1654 2087 sint,
1675 2029 1757 2090 nego
1775 2016 1906 2070 11111111

350 2110 864 2187 (11111111.(1111111111111111).
889 2112 919 2170 1.
947 2129 973 2170 c.
1003 2111 1033 2170 9.
1061 2109 1119 2169 ait:

350 2203 528 2283 Mopuorum
548 2203 680 2264 uirorum
704 2205 879 2265 auctoritate
906 2201 1120 2281 [1111111111-

228 2305 232 2314 '
350 2295 498 2356 mussulis
517 2315 572 2356 esse
590 2297 671 2378 sequi
685 2297 849 2377 opinionem
868 2295 995 2376 olierp'os
1011 2292 1122 2374 probu-

352 2387 453 2465 bilem,
470 2387 553 2449 ulad
565 2388 745 2450 coslolebros
758 2408 814 2450 ocu
827 2388 1040 2469 consumamus,
1050 2385 1120 2466 qui-

353 2481 404 2540 bus
422 2479 544 2560 quidam
567 2479 796 2562 iuvestipoudom
809 2479 1040 2561 probabiliorem
1066 2497 1122 2538 esse

350 2570 536 2634 contendunt.

623 2747 749 2808 CAPUT
770 2746 853 2806 Vlll.

354 2916 553 2989 concluditur,
569 2921 730 2974 semimitas
755 2915 836 2986 illos,
865 2920 1000 2988 quamuis
1014 2931 1035 2970 o
1055 2915 1123 2972 doc-

391 3003 510 3058 tissimis
535 3002 729 3073 quibusqueS.
741 3003 767 3056 J.
782 2997 1125 3072 Tbeclopisdeseudatur

389 3101 447 3140 uon
474 3101 532 3141 esse
558 3090 657 3140 tamea
682 3099 781 3140 eorum
804 3085 963 3154 proprios:
990 3083 1121 3137 tmoScc.

389 3171 456 3224 Iesu
479 3165 693 3240 propemodum
715 3165 870 3237 stupuiore
893 3165 986 3238 fuisse
1008 3163 1125 3220 eosdem

390 3251 541 3322 opiniones
564 3257 627 3306 tum
646 3253 742 3306 cortis
762 3246 856 3304 modis
871 3253 1044 3319 temperare,
1061 3253 1124 3302 tum

391 3338 482 3390 ettam
497 3349 680 3406 oppopnore.

396 3486 472 3545 Tam
487 3484 608 3563 copiosa
628 3481 788 3560 utriusque
811 3481 971 3543 sententiae
984 3482 1123 3544 defenso-

355 3594 427 3638 rum
441 3576 618 3648 multitndo,
642 3591 711 3654 quea
725 3571 821 3634 altero
841 3578 927 3635 tanto
941 3574 1041 3652 major
1054 3593 1124 3636 cra·

356 3669 418 3744 det,
441 3687 513 3729 cum
528 3673 670 3728 auctores
694 3683 803 3727 omnes
825 3667 864 3726 ab
886 3667 951 3727 istis
977 3667 1126 3728 indicatos

356 3767 465 3822 nactus
484 3760 583 3834 luero,
614 3760 691 3820 adeo
705 3764 825 3820 1111111
851 3777 913 3834 me,
934 3777 969 3819 ac
982 3775 1127 3819 securum

355 3853 491 3914 victoriae
500 3852 582 3927 fecit,
597 3857 632 3912 ut
645 3869 711 3911 non
720 3851 977 3930 dubitempalam,
993 3857 1024 3912 et
1036 3870 1125 3930 aper·

356 3952 386 4007 te
401 3945 539 4026 profiteri
554 3944 769 4004 celeberrimos
785 3944 855 4004 Soc.
872 3949 986 4004 nostrin
1000 3945 1128 4023 scripto-

356 4055 405 4098 res
432 4037 498 4097 istis
521 4035 721 4116 opinionibus
742 4035 917 4096 adhaesisse.
946 4036 997 4095 Sic
1022 4037 1128 4097 docuit

356 4129 533 4190 Franciscus
558 4129 682 4202 Sunrez,
699 4146 793 4206 quem
807 4132 838 4187 et
861 4127 973 4188 Paulus
997 4128 1128 4202 Quintus

357 4220 497 4281 Pontifex
510 4220 663 4280 Maximus
681 4219 834 4280 Doctorcm
858 4217 1011 4296 em'mium,
1031 4225 1057 4280 et
1075 4221 1128 4282 Al-

357 4312 494 4392 pbonsus
509 4311 741 4372 Castelbrancns
760 4311 1020 4373 Conimbricensis
1041 4312 1128 4392 Epis-

358 4421 453 4483 copus
465 4421 640 4464 eommuuem
650 4410 743 4463 etoti's
754 4419 816 4462 sum
830 4401 1006 4483 blopistrum
1021 4404 1126 4483 appel·

357 4495 443 4556 lavit.
463 4497 542 4556 Nam
557 4499 646 4555 tract.
670 4496 699 4554 3.
717 4494 750 4553 in
765 4497 793 4555 1.
810 4495 840 4554 1.
857 4493 970 4573 disput.
988 4497 1036 4554 11.
1053 4501 1125 4558 sect.

358 4591 389 4651 b.
405 4588 489 4668 quod
500 4587 644 4647 universe
667 4585 819 4646 statuebat
830 4586 963 4664 Medica,
982 4585 1070 4647 licere
1083 4595 1129 4648 uti

357 4679 493 4761 opimiore
505 4677 665 4759 probabili,
685 4677 787 4738 relicta
805 4685 896 4739 etiam
905 4677 1126 4758 probabiliori,

359 4772 472 4833 letetur
491 4773 525 4831 in
538 4771 576 4830 iis
603 4769 802 4850 opinionibus
829 4787 894 4830 esse
919 4788 1040 4847 remim,
1062 4789 1129 4851 quoe

359 4871 513 4927 uersaretur
533 4863 610 4924 circo
627 4861 942 4944 ι1111111111,11111111
966 4882 1005 4923 uu
1024 4862 1075 4924 boe
1089 4867 1130 4924 sit

354 4955 556 5038 prohibitum,
576 4955 622 5016 uel
632 4961 828 5035 preceptum,
840 4973 890 5015 uec
902 4974 947 5015 ue.
973 4955 1023 5016 Sic
1036 4955 1129 5015 etiam

332 5059 343 5082 ·
358 5051 499 5128 Vasquez
512 5047 546 5108 in
561 5050 629 5109 1.1.
646 5048 723 5127 disp.
739 5049 789 5108 61.
806 5067 833 5107 a.
849 5049 879 5108 1.
902 5068 935 5109 n.
954 5050 1001 5108 11.
1016 5048 1127 5108 Valen-

359 5143 402 5203 tic
414 5143 448 5202 in
461 5146 490 5203 1.
504 5143 533 5202 1.
550 5141 631 5220 disp.
645 5142 674 5201 3.
684 5146 793 5219 quaest.
811 5142 860 5200 11.
876 5145 990 5219 puncto
1005 5142 1035 5199 1.
1047 5141 1128 5200 Τ11-

359 5253 453 5296 nerus
467 5234 546 5314 disp.
561 5235 591 5294 1.
608 5235 646 5295 de
661 5233 778 5293 actibus
790 5233 936 5293 humanis
951 5251 982 5311 q.
1005 5234 1034 5292 1.
1051 5231 1126 5294 dub.

361 5326 539 5385 16111110
558 5324 592 5383 in
608 5326 635 5384 t.
652 5325 785 5384 111111.
804 5323 852 5382 11.
868 5321 990 5402 dispb.
1007 5327 1081 5381 sect.
1096 5324 1126 5382 3.

361 5435 394 5477 n.
410 5415 623 5476 1311111111.
639 5417 669 5476 1.
685 5416 723 5475 de
733 5415 866 5493 justitia,
882 5420 913 5474 et
922 5413 1126 5493 jurecapae.

364 5528 397 5569 n.
421 5511 470 5570 68.
493 5509 630 5568 Beeanm
656 5507 690 5566 in
704 5523 837 5581 summa,
857 5511 943 5584 porte
960 5506 989 5566 1.
1007 5508 1078 5567 11.
1096 5525 1127 5585 q.

1171 2103 1310 2182 ipsorum
1321 2103 1470 2182 proprias.
1487 2102 1561 2176 Quis
1574 2102 1659 2162 enim
1673 2107 1740 2162 tam
1753 2102 1847 2180 inique
1857 2119 1905 2160 sen·

1171 2196 1237 2270 tiat,
1255 2201 1289 2255 ut
1302 2195 1362 2255 illis
1379 2194 1578 2272 singulariter
1592 2194 1824 2254 adscribendam
1835 2199 1905 2272 putet.

1172 2288 1255 2366 qnod
1275 2287 1315 2346 ab
1338 2287 1404 2347 aliis
1423 2286 1577 2346 Ordinum
1600 2286 1756 2358 omnium,
1779 2304 1812 2345 ac
1831 2286 1907 2344 Natio

1171 2397 1245 2439 nam
1261 2379 1435 2457 llreologia
1452 2383 1483 2438 et
1495 2377 1643 2438 doctrinm
1656 2377 1742 2438 tama
1756 2377 1908 2450 clarissimis,

1171 2476 1202 2532 et
1215 2489 1347 2532 numero
1361 2470 1587 2550 propemodum
1601 2469 1744 2538 infinitis,
1760 2468 1908 2542 incredibili,

1170 2562 1325 2644 planeque
1340 2562 1524 2624 admirando
1538 2580 1691 2623 consensu
1712 2567 1910 2644 propugnatum

1171 2655 1531 2735 videritidccedit,quod
1543 2655 1683 2734 plerique
1693 2673 1731 2716 ex
1746 2653 1912 2715 1111011111

1172 2764 1223 2808 mc
1236 2747 1392 2827 productis
1405 2747 1607 2827 posteriorem
1621 2748 1816 2820 sententiam,
1826 2763 1882 2824 que
1892 2755 1913 2804 11

1172 2839 1309 2919 priorem
1327 2839 1476 2914 continet,
1497 2857 1561 2899 non
1582 2839 1677 2900 modo
1699 2837 1912 2914 defendunt,scd

1173 2931 1266 2992 etiam
1280 2930 1313 2990 in
1327 2929 1471 2991 omnibus
1493 2931 1625 3010 Europae
1648 2931 1769 2992 Scholis
1783 2936 1812 2992 et
1827 2930 1913 2992 Acade

1173 3023 1245 3083 miis
1257 3023 1361 3083 doceri
1375 3022 1571 3103 profitentur.
1588 3023 1670 3082 Nam
1684 3042 1724 3084 es
1739 3023 1830 3084 Gallia
1842 3025 1913 3082 isan

1173 3113 1279 3174 bertus
1291 3114 1459 3175 exclamat:
1476 3114 1518 3176 ito
1531 3115 1727 3176 communiter
1742 3115 1874 3176 Doctores.
1885 3114 1915 3172 n

1175 3207 1321 3286 Hispania
1334 3224 1410 3266 veao
1424 3206 1597 3268 Lndovicus
1621 3205 1821 3282 blontesinus,
1834 3207 1916 3266 Petras

1174 3298 1321 3371 Navarra,
1338 3304 1370 3358 et
1382 3298 1551 3377 Gregorius
1561 3298 1713 3360 Martinez
1722 3320 1730 3360 ε
1739 3297 1799 3359 loc
1805 3296 1917 3358 semmtu

1173 3397 1214 3450 est
1231 3389 1390 3451 communis
1411 3389 1444 3449 io
1465 3389 1591 3465 Scholia,
1615 3389 1679 3451 bico
1707 3400 1747 3452 est
1772 3388 1916 3452 1111111111

1178 3480 1385 3562 Tbeoloporum
1399 3481 1620 3558 emmerammus
1639 3490 1683 3544 est
1703 3489 1840 3544 sententio
1859 3500 1917 3541 eoro-

1174 3575 1282 3635 mum's.
1303 3576 1348 3634 Ex
1369 3573 1455 3635 italio
1476 3575 1627 3636 Martinus
1643 3577 1800 3637 Βο111111
1821 3573 1917 3654 Episco

1176 3685 1251 3746 pns,
1272 3667 1407 3728 lacobus
1427 3667 1573 3746 Raggius,
1596 3673 1628 3728 et
1644 3669 1784 3748 Angelus
1803 3667 1917 3729 Bossins:

1175 3763 1219 3818 itu
1238 3759 1433 3819 communiter
1458 3757 1607 3840 Tbeolopi,
1629 3760 1726 3840 iique,
1747 3769 1780 3822 ut
1799 3756 1919 3820 itodieoo
1958 3835 1959 3838 Ἴ

1176 3847 1301 3931 infiniti,
1325 3850 1365 3910 ric
1384 3867 1479 3910 carues
1489 3849 1608 3930 publici
1621 3851 1803 3932 professores
1825 3848 1919 3912 Tleole
1957 3839 1959 3886 l

1174 3943 1254 4022 piem·
1282 3942 1415 4021 denique
1445 3959 1483 4002 ex
1505 3943 1675 4004 Germania
1694 3945 1829 4004 loannes
1852 3944 1920 4002 oan·
1958 3967 1959 4028 3

1176 4034 1260 4095 muel
1281 4034 1448 4114 Episcopus
1464 4053 1471 4094 :
1486 4033 1542 4095 illo
1554 4037 1702 4098 sententio
1716 4035 1801 4098 bodie
1823 4043 1858 4096 est
1875 4052 1921 4093 om·
1958 4035 1959 4110 ᾗ

1176 4146 1273 4187 utum.
1958 4137 1959 4150 ¹

1217 4218 1373 4279 Fatebitur
1386 4218 1490 4280 forsan
1501 4218 1612 4298 aliquis
1635 4215 1923 4282 seutentiambancin
1958 4277 1959 4288 ,

1177 4311 1321 4372 omnibus
1341 4311 1432 4371 Orbis
1457 4313 1622 4372 Christiani
1647 4313 1823 4374 Academiis
1848 4307 1923 4370 domi·

1176 4403 1265 4479 nari;
1281 4404 1380 4464 sedin
1394 4421 1472 4464 casa
1486 4404 1780 4466 SocietatisNostrae
1790 4398 1924 4477 'llieologis
1958 4455 1959 4474 ,

1176 4495 1384 4556 introductam
1407 4513 1471 4556 essa
1491 4495 1731 4557 lamentabitur.
1758 4495 1841 4571 Quod
1858 4491 1925 4554 etsie

1177 4587 1363 4667 quibusdem
1383 4586 1542 4661 iracunde,
1559 4595 1590 4648 et
1602 4589 1755 4650 atrociter
1769 4581 1925 4667 expostulari

1178 4679 1283 4749 soleat,
1299 4685 1382 4740 caret
1394 4684 1501 4740 tamen
1515 4679 1602 4739 omni
1616 4678 1842 4758 probabilitatis
1849 4674 1924 4757 speeie

1177 4790 1214 4832 ac
1228 4772 1330 4832 colore
1343 4791 1350 4846 ;
1362 4772 1425 4832 imo
1435 4777 1550 4851 apertae
1565 4765 1925 4834 falsitatisconvincinullo

1178 4865 1303 4942 negotio
1317 4868 1428 4943 potest.
1442 4864 1531 4937 Nam,
1547 4869 1584 4923 ut
1598 4865 1748 4926 omittam
1767 4862 1926 4942 antiquiores

1179 4957 1355 5036 Episcopos,
1369 4961 1399 5016 et
1414 4957 1568 5032 Doctores,
1593 4957 1651 5034 qni
1672 4957 1807 5036 primam
1830 4952 1925 5034 opinio·

1178 5067 1251 5108 nem
1262 5047 1422 5108 manifeste
1435 5053 1574 5122 tuentiu,
1591 5053 1623 5108 et
1637 5048 1694 5110 isti
1709 5067 1775 5110 uon
1787 5041 1925 5109 mediocri·

1178 5145 1226 5200 ter
1238 5140 1340 5201 111111
1357 5160 1363 5200 :
1380 5140 1627 5201 demonstratum
1639 5147 1690 5201 est
1698 5142 1845 5220 superius,
1857 5138 1926 5197 Fran

1179 5233 1294 5292 oiseium
1309 5233 1491 5308 Victoriam,
1505 5231 1781 5295 Bartholomaenm
1788 5231 1924 5298 nicom,

1179 5324 1368 5385 Ludovicnm
1403 5327 1515 5405 Lopez,
1547 5325 1815 5388 bartholomaeum
1838 5321 1924 5384 Lede&

1179 5429 1274 5489 metm,
1289 5416 1425 5495 aliosque
1440 5415 1633 5477 doctissimos
1650 5417 1833 5494 Thomistas,
1848 5410 1923 5476 mullo

1179 5514 1250 5568 ante
1274 5525 1342 5568 cam
1368 5508 1539 5588 perspicue,
1565 5514 1597 5568 et
1632 5511 1751 5572 acriter
1773 5506 1920 5576 octonum.
