3976 6342
567 367 618 426 DE
639 365 745 426 LOGlS
767 363 935 426 thRALlS
956 363 1196 423 theutonem.
1267 403 1269 408 -
1639 368 1677 427 93

101 529 287 591 salisburimo
302 531 426 592 decreto
441 532 479 592 de
492 531 595 592 indice
609 531 772 606 librorum,
787 530 856 611 qui·
909 527 1089 609 Imperatori
1108 525 1237 609 infideli3
1255 527 1305 589 nbi
1322 528 1489 589 veniebatur
1512 531 1552 592 acl
1563 551 1679 592 eausam

100 620 152 682 bus
180 623 298 703 impura
332 625 471 685 doctrina
507 625 733 700 contineretur,
765 624 858 684 conh—
913 619 1035 698 Cloisti,
1059 640 1115 681 non
1140 620 1338 702 apnaseebunt,
1366 621 1425 681 nisi
1452 621 1537 684 illurn
1562 625 1617 706 qui
1647 625 1680 686 in

99 714 195 780 tiendo
216 713 236 776 ¹.
276 715 477 797 Pupnaodum
515 727 554 777 est
586 717 718 792 aeriter,
754 717 858 797 inquit
909 713 986 774 cerlis
999 721 1074 775 erut.
1105 713 1334 794 Dr'stiopuebant
1354 713 1514 776 Dominum
1535 724 1679 778 oeternum

98 808 224 869 Clemens
237 810 314 871 Xlll.
331 809 383 870 fel.
400 830 462 872 rec.
478 811 688 872 Preedecessor
701 811 810 871 Noster
823 811 857 870 in
910 804 1068 867 altamira
1087 805 1252 886 ternporali,
1270 815 1298 866 et
1323 814 1418 868 tannen
1440 807 1561 869 subdidi
1592 816 1680 872 erunt

96 903 151 962 suis
175 903 213 963 de
240 902 408 963 noxiorum
441 902 595 963 librorum
635 902 857 982 proscriptione
907 899 1201 980 propterllominum
1216 900 1455 962 eeternnmetiam
1471 901 1596 963 Domino
1611 909 1682 965 tern-

95 993 246 1074 encyolieis
272 995 382 1056 litteris
396 993 419 1070 ²,
442 993 634 1076 pupnandum
657 1004 696 1056 est
730 995 854 1072 aeriter,
908 990 1016 1072 parali.
1035 992 1108 1053 Haeo
1123 992 1248 1071 quidem
1263 993 1321 1053 sihi
1335 993 1376 1053 ob
1389 994 1492 1055 ocrrlos
1512 1015 1679 1076 proposuc-

92 1095 228 1168 quantum
256 1106 302 1148 res
330 1088 392 1168 ipsa
407 1085 568 1168 essiapitnt,
584 1095 611 1148 et
621 1107 679 1168 pro
695 1087 804 1148 uiribus
817 1095 858 1146 tot
910 1089 959 1143 rat
977 1085 1126 1145 blarrritus
1150 1085 1266 1166 hlartyr
1280 1085 1425 1161 invictus,
1442 1086 1585 1165 Legionis
1599 1091 1677 1150 The·

91 1179 228 1240 librorum
257 1179 418 1260 mortifera
447 1177 671 1241 enterminando
693 1179 857 1261 pernicies:
909 1175 999 1237 hanes
1013 1178 1218 1252 Primieerius,
1243 1179 1379 1258 quietudo,
1396 1185 1432 1239 ut
1460 1181 1490 1240 S.
1510 1181 1680 1244 Eucherius

91 1291 240 1353 rtuoquam
263 1277 341 1333 enim
370 1271 495 1334 rnatu-ia
517 1271 707 1334 subtrahetur
736 1271 855 1347 erroris,
909 1268 1012 1344 refert,
1028 1270 1095 1330 hee
1117 1271 1277 1350 respondit
1300 1269 1311 1304 ⁸
1338 1291 1344 1331 :
1362 1271 1473 1333 Milites
1489 1293 1598 1350 serenius,
1615 1274 1680 1336 Im·

90 1363 146 1424 uisi
155 1364 324 1444 prauitatis
338 1365 505 1446 facinorosa
523 1364 662 1425 clemerito
684 1364 714 1424 in
728 1363 858 1444 stomrru's
907 1370 1040 1441 perator,
1057 1363 1111 1439 tui,
1122 1363 1171 1423 sed
1180 1363 1451 1445 tumenserai',qreod
1460 1365 1548 1426 bbere
1559 1367 1680 1448 eonfite-

88 1455 234 1518 eombnsta
252 1455 417 1538 depereant.
440 1458 483 1518 Ex
506 1457 565 1518 hac
585 1457 689 1537 itaque
708 1459 860 1518 constanti
909 1454 1092 1516 insertiri...
1109 1455 1153 1515 Et
1171 1475 1248 1516 terune
1262 1476 1317 1516 non
1331 1476 1380 1518 nos
1403 1456 1465 1519 beer
1481 1458 1587 1519 ultima
1611 1460 1682 1522 vitre

89 1548 228 1610 omnium
252 1555 380 1611 aetatum
406 1550 620 1627 sollieitudine,
650 1569 712 1630 qua
739 1567 860 1629 semper
910 1548 1057 1608 necessitas
1082 1548 1113 1607 in
1129 1549 1315 1610 rebellionem
1333 1551 1423 1630 coepit
1446 1571 1451 1610 :
1472 1559 1598 1613 tenernus
1620 1572 1681 1614 eece

89 1641 198 1702 Sancta
225 1642 293 1703 hmo
321 1643 498 1723 Apostoliea
529 1643 622 1704 Sedes
649 1647 805 1723 suspectos
830 1648 861 1704 et
909 1658 1005 1718 orara,
1015 1647 1042 1700 et
1056 1660 1113 1701 non
1127 1641 1299 1716 resistimus,
1321 1643 1390 1722 quta
1401 1644 1487 1711 errori,
1504 1663 1591 1725 qnam
1606 1646 1683 1707 ocei-

89 1733 197 1795 noxios
217 1735 313 1796 libros
336 1736 495 1813 damnare,
516 1742 547 1796 et
565 1737 603 1797 de
615 1737 780 1796 hominum
793 1754 859 1796 ma·
911 1752 974 1794 erre
997 1734 1089 1794 satius
1117 1733 1260 1795 uolumus.
1287 1736 1362 1808 Quen
1387 1737 1512 1815 quidem
1539 1744 1680 1801 ueterum

91 1827 179 1888 nibus
201 1835 386 1910 extorquere
405 1831 491 1891 enisa
510 1834 565 1906 est,
587 1836 672 1910 petet
685 1828 862 1889 luculentis·
912 1826 1158 1887 Christianorum
1186 1828 1219 1887 in
1243 1828 1397 1906 Principes
1425 1828 1501 1890 fides
1526 1848 1562 1890 eo
1589 1832 1682 1892 etiam

94 1919 177 1997 uma,
193 1926 386 2000 quantopere
399 1922 486 1996 falsa,
508 1922 682 1998 temeraria,
698 1922 860 2000 eidemque
911 1919 1058 1980 illustrior
1069 1919 1194 1996 esshlget
1205 1921 1231 1980 si
1244 1921 1452 2000 perpendatur
1464 1941 1536 1982 eum
1559 1925 1681 1984 Tertul-

97 2013 271 2092 hpostolioae
291 2014 365 2074 Sedi
381 2014 541 2094 injuriosa,
568 2020 599 2075 et
618 2015 859 2076 fecundamalo-
911 2010 995 2072 liano
1028 2010 1057 2088 ⁶,
1088 2019 1161 2072 tsrnc
1183 2014 1331 2091 temporis
1356 2013 1539 2075 Christianis
1557 2035 1614 2076 noa
1633 2015 1682 2077 de-

99 2121 163 2164 rum
198 2106 231 2166 in
263 2105 436 2168 Christiano
475 2107 591 2188 Populo
620 2107 796 2188 ingentium
823 2107 862 2168 sit
911 2104 1001 2182 luisse
1023 2105 1084 2165 uim
1102 2125 1308 2167 numerorum·
1318 2113 1347 2166 et
1370 2107 1534 2188 rapturum,
1556 2109 1583 2168 si
1594 2107 1685 2170 bostes

101 2194 215 2258 illorum
228 2198 379 2276 doctrina,
390 2199 444 2279 qui
459 2201 575 2260 nedum
589 2218 752 2261 censuram
765 2199 860 2260 libro·
911 2205 1024 2257 exertos
1039 2217 1125 2278 apere
1134 2197 1300 2258 ooluinent.
1315 2197 1570 2278 Hesternisumus,
1583 2201 1684 2280 inquit

103 2306 165 2349 rum
177 2290 271 2351 ueluti
292 2309 421 2376 gravem
439 2292 543 2368 nimis,
569 2298 600 2352 et
613 2310 776 2353 onerosam
789 2292 860 2371 reji-
913 2289 988 2369 ipse,
1004 2297 1031 2350 et
1045 2299 1138 2351 vestra
1153 2290 1250 2352 omnia
1264 2291 1459 2372 imprimimus,
1480 2291 1582 2370 Urbes,
1595 2294 1683 2356 insu-

108 2381 859 2464 ciunt,sedeoetiamimprobitatisprogrediuntur,
915 2381 968 2459 los,
987 2381 1126 2456 Castalia,
1141 2383 1322 2464 Municipio,
1340 2382 1556 2461 Coaee'liabula,
1578 2385 1682 2448 Castra

110 2479 139 2534 nt
153 2493 214 2536 enm
233 2475 401 2556 predicent
424 2479 535 2538 areeti
542 2477 623 2556 juris
636 2477 792 2556 principiis
806 2477 860 2537 ab·
914 2475 989 2556 ipsa,
1018 2475 1137 2553 Tribus,
1163 2475 1315 2552 lleourr'uts,
1337 2475 1503 2554 Palatium,
1530 2477 1683 2557 Senatum,

111 2565 228 2645 horrere,
247 2569 361 2648 jusque
391 2569 473 2630 illius
497 2569 719 2645 discernende,
743 2569 861 2629 haben·
916 2567 1075 2628 Forum...
1104 2567 1162 2630 Coi
1185 2568 1260 2629 bello
1274 2589 1329 2629 non
1349 2568 1454 2642 idonei,
1481 2590 1536 2630 non
1554 2574 1686 2654 praerupti

49 2704 50 2712 ,
114 2657 203 2740 leque
216 2661 349 2723 audeant
363 2660 503 2722 Ecclesiae
513 2661 677 2740 denegare.
914 2660 1078 2739 fuissemus,
1094 2661 1183 2721 etium
1199 2661 1324 2743 impares
1339 2663 1438 2742 copiis,
1455 2663 1509 2744 qui
1523 2671 1584 2724 tam
1595 2663 1685 2725 liben-

147 2753 212 2814 Cum
227 2759 333 2815 autem
351 2754 537 2815 elreumlatis
555 2754 589 2814 in
607 2753 719 2832 vulgus
742 2753 863 2833 scriptis
915 2761 960 2814 ter
974 2753 1170 2828 trucidamur,
1182 2754 1209 2814 si
1221 2775 1277 2816 non
1290 2754 1370 2836 apud
1385 2756 1471 2817 istam
1494 2754 1685 2837 ‹trsupttoom

50 2844 53 2891 l
118 2842 246 2907 dodanus
259 2847 410 2927 quiasdam
433 2846 624 2928 promulgari
644 2846 861 2926 acceperimus,
916 2847 1010 2928 inopis
1023 2845 1119 2906 occidi
1131 2847 1241 2922 tereret,
1255 2867 1343 2928 quom
1354 2846 1485 2908 occidere
1493 2847 1545 2909 ?...
1560 2848 1596 2910 Si
1603 2858 1687 2911 tantu
1758 2913 1760 2922 χ

120 2937 208 3014 quibus
219 2940 319 3000 debita
332 2959 406 3020 erga
424 2941 577 3019 Principes
594 2939 670 3000 fides
684 2945 775 3018 atque
791 2939 863 3000 sub·
915 2938 1689 3020 oisbominaminaliquemOrbisremotisinumabru-

122 3030 201 3090 missio
228 3032 438 3110 labefactatur,
474 3031 615 3112 facesque
644 3032 864 3112 perduellionis
911 3031 1079 3111 pz'ssemusa
1094 3031 1180 3105 uobis,
1205 3032 1370 3112 suffudisset
1385 3035 1486 3114 reteque
1495 3033 1607 3115 pretore
1628 3034 1687 3097 lto-

123 3120 211 3202 ubique
233 3126 443 3188 incenduntur
474 3146 480 3184 :
517 3126 691 3186 carendum
727 3125 863 3185 maxime
915 3124 1107 3186 minutionem
1120 3131 1241 3186 uestram
1255 3125 1689 3208 totqualiuruoumqueamissrb

125 3214 175 3288 erit,
198 3235 230 3278 ne
258 3219 365 3298 populi
392 3219 464 3279 inde
485 3218 604 3297 decepti
624 3237 642 3278 a
663 3218 738 3278 recti
756 3219 866 3278 semita
915 3216 1034 3289 eioz'eun,
1053 3217 1140 3277 immo
1153 3217 1251 3298 etipsa
1265 3216 1450 3280 destitutione
1460 3219 1599 3300 punisset.
1616 3221 1691 3281 Pro

126 3305 295 3370 abducantur.
315 3311 572 3371 Animadvertant
593 3328 711 3385 omnes,
728 3328 784 3372 nori
797 3328 862 3386 esse,
915 3309 966 3369 cul
975 3309 1060 3370 dnbio
1067 3311 1253 3392 enpoue'ssetis
1264 3309 1304 3371 ad
1309 3310 1498 3372 solitudinem
1508 3319 1687 3390 uestram,·...

124 3396 196 3474 jurta'
209 3402 339 3481 Apostoli
367 3404 535 3480 monitum,
560 3409 733 3484 potestatem
759 3403 821 3462 nisi
847 3422 865 3464 o
916 3403 1098 3483 quoesissetis,
1123 3403 1230 3483 quibus
1255 3404 1405 3484 imperatis
1429 3425 1441 3466 .·
1463 3405 1567 3486 plures
1589 3405 1687 3481 hostes,

53 3484 56 3497 '
127 3487 264 3576 beo:quee
284 3502 383 3556 autem
402 3503 480 3571 sterit,
503 3495 601 3557 olleo
621 3493 765 3556 ordinater
785 3503 862 3556 sunt.
917 3515 1005 3576 quarn
1029 3496 1104 3556 ciues
1128 3495 1205 3556 uobis
1233 3497 1452 3565 remansissent:
1488 3517 1565 3558 nureo
1595 3507 1690 3560 autern

125 3581 204 3665 ltaque
219 3588 270 3668 qui
292 3588 404 3648 resistit
422 3589 571 3669 potestati,
600 3588 660 3650 Dei
686 3587 869 3648 ordinationi
914 3586 1286 3668 paucioresbastesbubetis
1297 3609 1365 3670 pree
1378 3589 1571 3652 multitudiue
1592 3591 1692 3653 Cirris-

123 3678 216 3756 reu'stit,
230 3687 257 3740 et
269 3679 324 3761 qui
336 3680 483 3756 resistant,
501 3681 561 3762 ipsi
576 3680 635 3741 sibi
651 3679 866 3742 damnationem
919 3684 1078 3740 tionorum.

121 3771 254 3850 acquirunt
275 3771 297 3834 ³.
318 3773 467 3847 Quocirca
495 3779 525 3834 et
546 3773 650 3835 diuina
679 3779 709 3834 et
732 3773 869 3834 hnmano
960 3772 1110 3834 Prteclara
1137 3771 1205 3832 liceo
1232 3771 1399 3834 immobilis
1429 3774 1627 3854 subjectionis
1658 3777 1691 3838 iu

115 3860 210 3938 lurein
223 3885 274 3927 eos
287 3866 434 3940 clamant,
455 3867 508 3946 qni
527 3866 711 3947 turpissimis
725 3864 868 3946 perduel·
921 3865 1075 3944 Principes
1105 3865 1262 3943 exempla,
1306 3884 1376 3944 epure
1413 3885 1451 3926 es
1486 3868 1690 3930 Sanctissimis

117 3953 190 4018 tons
204 3958 450 4039 seditionumque
475 3959 759 4021 machinationibus
772 3977 792 4020 a
806 3958 866 4018 lide
920 3958 1099 4019 Christianae
1124 3957 1292 4036 Religionis
1323 3957 1487 4039 Praeceptis
1519 3962 1692 4023 necessario

116 4045 299 4131 iuPrincipes
322 4053 500 4124 desciscere,
525 4053 668 4132 ipsosque
683 4053 721 4112 ab
737 4051 869 4131 imperio
920 4050 1174 4130 profiscebantur,
1187 4050 1397 4111 detestandam
1416 4052 1544 4114 illorum
1557 4055 1692 4116 insolen-

114 4141 260 4206 deturbare
272 4146 487 4206 connituntur.
921 4144 1006 4220 tiam,
1020 4149 1050 4204 et
1058 4143 1289 4223 improbitatem
1308 4145 1527 4214 condemnant,
1549 4147 1603 4226 qui
1621 4167 1693 4227 pro-

145 4236 237 4316 Atque
252 4237 311 4298 hac
327 4237 420 4318 plane
431 4257 468 4298 ex
484 4255 585 4308 causa,
602 4256 642 4298 ne
656 4241 743 4298 tanta
757 4255 789 4298 se
803 4242 869 4296 tnr-
917 4235 1009 4314 jecta,
1033 4236 1242 4316 effrenatisque
1259 4237 1395 4316 procacis
1408 4238 1558 4300 libertatis
1577 4242 1694 4320 cupidi·

111 4326 237 4404 pitudine
247 4330 400 4391 foedarent
409 4337 526 4392 veteres
537 4330 710 4407 Christiani,
721 4330 873 4391 soevienti-
922 4334 983 4389 tate
996 4335 1172 4406 estinantes,
1181 4331 1238 4390 toti
1252 4330 1285 4389 in
1296 4348 1332 4390 eo
1345 4336 1427 4407 sunt,
1439 4333 1552 4410 utjura
1562 4352 1695 4413 quaeque
1747 4399 1753 4408 ,

110 4417 241 4483 busbcet
260 4423 538 4502 persecutionibus,
564 4423 680 4503 optime
699 4429 870 4484 tameneos
921 4421 1155 4500 Principatuum
1178 4421 1371 4500 labefactent,
1392 4429 1484 4502 atque
1505 4424 1692 4502 convellant,

109 4510 143 4571 de
152 4513 399 4593 imperatoribus,
416 4535 452 4577 ao
471 4517 509 4578 de
522 4516 647 4595 Imperii
660 4516 871 4576 incolumitate
920 4515 1100 4575 servitutem
1123 4514 1180 4574 sub
1197 4514 1347 4576 libertatis
1367 4517 1465 4596 specie
1482 4517 1605 4596 populis
1625 4517 1694 4578 illa-

110 4605 227 4668 meritas
244 4607 336 4668 fuisse
361 4615 491 4686 constat,
512 4609 605 4689 idque
619 4609 735 4670 nedum
754 4608 816 4669 fide
838 4608 872 4667 in
921 4607 1158 4667 turi.Hucsone
1179 4607 1612 4684 scelestissimadeliramento,
1626 4629 1694 4671 eon·

111 4692 154 4772 iis,
169 4717 237 4777 qua
252 4700 307 4760 sibi
321 4701 709 4780 mandabanturlteligioni
723 4719 788 4762 non
802 4719 874 4760 eon·
922 4700 1049 4779 siliaque
1058 4700 1503 4779 corispiraruntWeddermium,
1519 4703 1694 4780 Beguordo-

112 4789 213 4866 traria,
226 4800 360 4856 acatrrate
374 4801 579 4875 prompteque
598 4794 802 4875 perficiendis
821 4793 874 4853 sed
925 4791 1306 4870 dornm,Wielcfistarum,
1315 4793 1508 4872 aliorumque
1515 4793 1695 4872 hujusmodi

117 4883 145 4938 et
156 4887 330 4962 causantis,
351 4893 381 4949 et
398 4889 495 4949 effuso
516 4891 611 4950 etiam
628 4889 660 4948 in
680 4887 794 4967 prmliis
808 4905 876 4946 san·
929 4884 1177 4962 filiorumBelial,
1195 4886 1383 4964 quihumani
1406 4887 1527 4964 generis
1538 4887 1652 4952 sordes,
1661 4903 1695 4944 aa

120 4973 214 5047 guise
240 4977 471 5044 laudantissime
510 4982 734 5062 comprobasse.
765 4977 876 5040 Milites
924 4977 1695 5056 dedecorahrere,meritoidcireoabApostolieahuo

129 5059 288 5142 Christiani,
313 5071 354 5132 ait
385 5076 417 5135 S.
442 5074 634 5155 Augustinus
676 5072 686 5106 ⁵
716 5071 878 5133 seruierunt
927 5070 1004 5130 Sede
1014 5071 1104 5131 toties
1116 5071 1312 5132 anathemate
1332 5070 1454 5130 confixi.
1480 5070 1540 5130 Nec
1551 5069 1610 5128 alia
1622 5085 1693 5145 pro-

177 5301 539 5363 lbonc.'lrid.Sess.18et26.
962 5307 977 5356 5
995 5307 1021 5358 S.
1046 5305 1144 5358 Eucher.
1166 5306 1225 5372 apud
1249 5305 1358 5358 Risinard.
1383 5305 1432 5355 hat.
1457 5299 1501 5352 SS.
1523 5299 1578 5350 hh.
1602 5299 1630 5350 de
1647 5297 1692 5352 SS.

77 5424 78 5433 ,
181 5374 250 5427 biit
262 5377 319 5432 hen.
330 5382 384 5435 lllll.
398 5385 526 5438 Chtbtianae
540 5385 573 5438 25
587 5399 641 5437 noe.
661 5385 734 5436 1166.
925 5381 1009 5434 haurit
1021 5385 1044 5433 et
1057 5381 1112 5434 Soc.
1132 5395 1156 5432 n.
1170 5381 1195 5432 t.

80 5484 81 5487 η
188 5448 358 5516 thibault,
371 5459 394 5511 t.
960 5457 1088 5509 orer-tuh.
1104 5456 1260 5523 inhpologet.
1276 5471 1325 5522 oap.
1342 5455 1382 5505 35.

196 5523 208 5571 l
222 5523 244 5577 8.
256 5529 301 5593 lor.
312 5529 409 5586 inPsalt.
421 5535 467 5589 nt
477 5551 501 5590 n.
516 5539 540 5590 7.
