3976 6342
541 429 591 490 DE
610 426 719 488 Locis
741 425 911 488 uocatis
938 427 1178 488 rhenicolas.
1595 431 1647 492 tlt

87 595 119 655 ad
137 593 192 654 Nos
208 593 326 668 dedisti,
345 596 548 677 percepimus,
566 595 690 657 dissidio
707 593 834 655 catholi-
886 593 1023 666 homine,
1040 611 1135 674 quam
1149 595 1181 654 in
1199 611 1254 654 suo
1269 593 1381 673 scripto
1395 591 1567 674 profitetur,
1582 600 1652 655 tan-

86 705 178 748 romm
199 706 251 768 per
279 688 407 751 Antonii
434 690 584 752 Giintheri
606 687 835 769 philosophiam
885 707 979 769 quam
990 686 1196 749 ecclesiasticis
1206 687 1402 765 dogmatibus
1415 692 1653 748 consentaneam

85 785 170 849 enam.
185 787 383 862 posteaquam
399 783 493 846 Sedes
504 783 678 864 Apostolica
691 781 728 842 de
742 781 836 859 hujus
885 781 1060 853 defendere,
1076 781 1160 842 idem
1174 798 1238 841 esse
1253 785 1345 858 atque
1360 781 1486 842 Nosmet
1498 779 1650 849 incusare,

84 875 221 952 scriptoris
249 875 396 954 operibus
427 883 458 938 et
485 875 623 938 doctrina
656 875 832 955 judicasset,
886 875 969 955 quod
980 875 1012 935 in
1022 873 1232 936 Giintheriaua
1241 874 1380 934 doctrina
1390 871 1558 952 judicanda
1572 892 1653 934 erra-

83 967 207 1028 nondum
220 985 284 1026 esse
295 969 419 1048 penitus
428 970 570 1044 extincta,
580 970 835 1048 proptereaquod
885 969 1031 1030 terimus,
1047 970 1193 1029 Notatum
1206 971 1354 1047 praetereo
1369 971 1424 1042 est,
1437 965 1608 1027 Baltzerum
1619 966 1653 1026 in

83 1078 143 1120 cum
152 1059 341 1122 alibituncin
352 1062 660 1124 istaWrotislatiensi
672 1062 834 1122 Academia
885 1061 938 1122 illo
948 1079 1003 1121 suo
1013 1061 1127 1134 libello,
1141 1079 1213 1122 cum
1227 1077 1353 1120 omnem
1368 1059 1653 1120 controversiamad

82 1152 162 1212 etiam
182 1153 259 1213 inter
279 1173 374 1215 sacrm
394 1156 541 1217 doctrinas
565 1156 727 1234 magistros
750 1174 835 1236 repe·
884 1154 944 1215 hoc
957 1160 1136 1229 revocasset,
1153 1154 1231 1214 sitne
1245 1151 1366 1232 corpori
1383 1152 1452 1212 vitae
1466 1151 1651 1232 principium

81 1245 197 1318 riantur,
227 1247 281 1325 qui
311 1248 462 1328 nonnulla
489 1249 598 1310 saltem
625 1249 834 1311 Giintheriaua
885 1248 1044 1328 proprium
1059 1247 1098 1308 ab
1116 1247 1219 1308 anima
1232 1245 1375 1306 rationali
1395 1244 1461 1323 ipsa
1474 1244 1651 1320 discretum,

82 1339 210 1416 dogmata
243 1341 378 1400 retinere
406 1348 497 1422 atquc
532 1341 696 1402 defendere
729 1343 834 1404 multis
885 1359 922 1401 eo
933 1342 1114 1402 temeritatis
1129 1357 1325 1421 progressum
1341 1356 1416 1410 esse,
1430 1342 1466 1397 ut
1479 1337 1652 1416 oppositam

81 1431 240 1490 videantur.
272 1433 412 1506 Quorum
439 1453 538 1511 unus,
564 1434 692 1496 dilectus
723 1436 834 1496 scilieet
885 1435 1068 1494 sententiam
1084 1439 1114 1494 ct
1128 1432 1520 1513 appellaretharreticamet
1534 1429 1653 1509 protuli

83 1523 162 1582 Filius
188 1525 323 1586 loannes
356 1528 389 1588 B.
420 1527 549 1601 llaltzer,
576 1529 834 1590 wratislaviensis
884 1526 1060 1588 habendam
1075 1545 1139 1587 esso
1155 1526 1261 1587 multis
1279 1525 1381 1586 uerbis
1395 1529 1548 1602 argueret.
1565 1524 1653 1596 Quod

81 1615 199 1676 ecclesias
220 1619 397 1690 canonicus,
415 1639 487 1680 cnm
503 1620 654 1696 libellum,
670 1620 703 1681 iu
720 1640 781 1699 quo
796 1622 834 1684 do
884 1619 1010 1698 quidem
1028 1638 1092 1680 non
1112 1637 1275 1698 possumus
1296 1636 1360 1678 non
1372 1617 1571 1676 vehementer
1589 1615 1652 1676 im-

81 1707 199 1770 homiuis
217 1717 330 1772 natura
349 1713 526 1788 disseretur,
547 1714 627 1788 Tibi,
644 1713 834 1776 Venerabilis
884 1712 1271 1791 probare,cousiderantcs,
1285 1711 1366 1771 hanc
1376 1709 1652 1786 sententiamque

80 1801 182 1878 Frater,
197 1804 380 1880 tradidisset,
394 1806 536 1886 precibus
545 1807 611 1885 ejus
623 1807 835 1870 obsecundans
885 1822 985 1866 uurrm
1000 1805 1033 1866 in
1046 1805 1172 1866 homine
1187 1805 1274 1884 ponit
1286 1804 1355 1863 ritae
1370 1800 1567 1882 principium,
1581 1801 1651 1861 ani-

79 1893 204 1956 libellum
217 1899 363 1958 eumdem
375 1899 414 1959 ad
424 1919 481 1960 nos
492 1900 698 1976 transmisisti,
709 1917 831 1977 rogans,
884 1915 968 1958 mam
978 1898 1091 1959 scilicet
1099 1898 1293 1972 rationalem,
1305 1915 1323 1954 a
1337 1913 1398 1974 qua
1408 1912 1519 1973 corpus
1528 1912 1652 1973 quoque

8 1991 12 2012 '
80 1988 109 2042 ut
119 1985 221 2046 Nostro
228 1987 357 2065 judicio,
371 1989 444 2068 quid
458 1989 496 2050 de
508 1989 649 2050 doctrina
661 1989 694 2050 in
708 2009 744 2051 eo
754 2011 832 2052 con·
885 1996 1045 2052 atmotum
1054 1996 1085 2052 et
1098 1991 1194 2052 vitam
1204 2001 1369 2051 omnemet
1380 1987 1650 2065 sensumaecipiat,

79 2080 152 2137 tenta
175 2079 373 2140 sentiendum
403 2081 452 2156 sit,
482 2080 673 2143 definiretur.
705 2086 747 2144 Ac
772 2085 833 2145 Nos
885 2084 918 2144 iu
943 2083 997 2144 Dei
1019 2083 1152 2144 Ecclesia
1172 2101 1236 2144 esse
1254 2079 1539 2142 communissimam
1560 2084 1651 2156 atque

79 2169 189 2248 pidem
208 2177 312 2251 tuum,
335 2174 528 2235 Venerabilis
555 2175 682 2250 Frater,·
695 2177 833 2238 studium
884 2175 1059 2237 doctoribus
1074 2176 1237 2255 plerisque,
1254 2181 1284 2234 et
1295 2172 1517 2253 probatissimis
1527 2171 1652 2250 quidem

79 2261 220 2324 catholice
243 2265 391 2326 doctrinae
414 2268 538 2328 tuendae
560 2287 747 2349 magnopere
766 2271 834 2332 lau·
883 2269 1029 2345 maxime,
1059 2287 1130 2330 cum
1154 2268 1292 2328 Ecclesiae
1317 2267 1458 2344 dogmate
1490 2265 1532 2324 ita
1554 2264 1652 2324 rideri

79 2354 182 2422 dantes,
197 2363 289 2437 etque
304 2378 361 2439 pro
376 2361 513 2420 muneris
527 2362 628 2422 Nostri
641 2361 741 2423 officio
755 2363 833 2424 nihil
883 2361 1089 2440 conjunctam,
1119 2367 1154 2421 ut
1180 2359 1274 2438 hujus
1302 2361 1341 2419 sit
1365 2358 1502 2436 legitima
1525 2356 1651 2436 solaque

78 2449 163 2522 maps
184 2469 266 2510 curre
289 2451 439 2512 hahentes
457 2471 550 2532 quam
566 2453 639 2514 fidei
659 2455 833 2536 depositum
883 2473 957 2515 vera
969 2454 1191 2534 interpretatio,
1202 2471 1260 2513 nec
1275 2452 1404 2532 proinde
1420 2451 1485 2510 sinc
1499 2467 1603 2510 errore
1617 2450 1651 2512 in

78 2539 180 2620 ubique
193 2549 348 2604 terrarum
362 2545 514 2606 intactum
523 2547 677 2608 custodire
692 2548 833 2629 interque
883 2547 943 2606 fide
956 2552 1051 2626 possit
1059 2548 1176 2626 negari.

79 2631 179 2695 Christi
201 2636 307 2698 fideles
331 2655 450 2698 serrare
469 2639 621 2702 unitatem
645 2641 776 2720 Spiritus
800 2644 833 2704 in
924 2640 997 2712 Quae
1012 2659 1085 2700 cum
1097 2640 1176 2715 Tibi,
1189 2637 1378 2698 Venerabilis
1391 2637 1503 2710 Frater,
1522 2645 1652 2702 excoria

77 2725 202 2788 vinculos
228 2730 322 2808 pacis,
347 2731 474 2792 Baltzeri
503 2733 651 2810 scriptum
675 2737 833 2796 nonnullis
883 2733 1010 2794 scientia
1023 2739 1149 2794 etmotu
1164 2731 1300 2811 proprio,
1314 2729 1523 2804 rescribimus,
1537 2731 1651 2792 arden-

77 2816 158 2897 hujus
170 2821 260 2882 almae
274 2823 366 2882 Urbis
374 2824 525 2904 theologis
538 2825 764 2889 discutiendum
774 2833 834 2890 tra·
883 2832 930 2886 ter
943 2827 1093 2905 cupimus,
1109 2826 1174 2886 imo
1194 2823 1325 2884 tidenter
1347 2839 1506 2901 speramus
1524 2821 1600 2897 fore,
1616 2831 1652 2885 ut

77 2909 206 2972 didimus.
228 2915 367 2988 Quorum
388 2916 450 2977 lida
469 2917 618 2978 relatione
639 2926 833 2998 compertum
884 2919 1011 2979 dilectus
1024 2918 1117 2978 Filius
1135 2918 1271 2977 loannes
1289 2915 1406 2974 Baltzer
1422 2919 1453 2973 et
1467 2915 1581 2982 caeteri,
1597 2918 1651 2995 qui

77 3001 159 3064 Nobis
172 3010 227 3078 est,
243 3007 277 3066 in
295 3025 333 3067 eo
351 3008 524 3069 doctrinam
541 3011 693 3086 eamdem,
710 3031 780 3091 quae
800 3014 832 3075 in
883 3010 956 3070 huic
969 3011 1074 3071 aliisve
1086 3009 1236 3071 Gttntlreri
1254 3007 1453 3088 opinionibus
1467 3025 1485 3066 a
1499 3006 1593 3067 Nobis
1605 3027 1653 3070 re·

78 3095 214 3160 Gbntheri
229 3098 317 3160 libris
335 3101 469 3162 traditur
488 3107 603 3164 stante
625 3104 738 3166 horum
760 3125 831 3185 pro·
883 3103 1020 3183 probatis
1033 3119 1230 3184 quocumque
1253 3099 1345 3162 modo
1370 3099 1563 3170 adhaeserint,
1584 3100 1650 3178 jam

77 3187 425 3268 scriptioncmaBaltzero
434 3213 556 3273 quoque
565 3196 831 3276 propugnabatur,
884 3215 916 3256 se
930 3215 1003 3276 erga
1015 3197 1095 3257 hauc
1109 3195 1273 3256 Ecclesiam
1287 3210 1381 3272 quam
1397 3192 1532 3252 Christus
1548 3194 1650 3253 Domi-

76 3280 208 3358 retineri3
226 3283 367 3363 nihilque
380 3283 465 3346 aliud
477 3287 537 3364 agi,
552 3287 612 3348 nisi
631 3293 667 3349 ut
679 3289 747 3350 haec
760 3291 832 3352 doc·
883 3289 1138 3368 nusreliquarum
1147 3288 1288 3348 omnium
1297 3287 1428 3346 ltlatrem
1438 3285 1651 3362 etltlagistram

9 3461 11 3466 ,
76 3372 147 3434 trina
167 3376 395 3438 demonstretur
415 3383 445 3438 et
466 3379 561 3441 verbo
588 3381 642 3442 Dei
663 3383 775 3463 scripto
798 3403 834 3446 ac
884 3399 948 3442 esse
970 3381 1078 3455 voluit,
1098 3381 1211 3442 dociles
1233 3385 1264 3440 et
1283 3378 1453 3457 morigeros
1474 3376 1650 3455 exhibeant,

76 3465 176 3528 tradito
190 3467 366 3546 conformis,
381 3489 439 3532 nec
459 3471 523 3532 ulla
539 3473 658 3534 ratione
677 3477 833 3539 contraria
884 3473 1147 3552 quemadmodum
1161 3479 1191 3532 et
1210 3472 1325 3534 Baltzer
1338 3471 1402 3550 ipse
1423 3476 1454 3530 et
1467 3469 1519 3530 alii
1533 3470 1652 3531 dudam

77 3571 132 3618 esse
144 3559 188 3635 iis,
205 3579 273 3640 quae
289 3563 344 3622 SS.
367 3564 502 3625 Concilio
526 3566 708 3628 nominatim
727 3568 833 3630 Conci·
884 3566 1077 3628 laudabiliter
1091 3571 1163 3626 sunt
1176 3564 1312 3644 polliciti.
1328 3564 1371 3624 Te
1385 3580 1469 3634 vero,
1481 3563 1650 3623 Venerabi-

77 3647 144 3710 lium
169 3655 393 3716 oecrrmenicum
421 3657 488 3716 Vlll
519 3663 550 3718 et
571 3658 746 3721 Viennense
774 3662 832 3724 sub
882 3658 921 3720 lis
933 3660 1048 3733 Frater,
1064 3660 1237 3729 hortamur,
1254 3662 1290 3717 ut
1307 3655 1445 3735 Apostoli
1462 3655 1602 3734 exemplo
1617 3657 1650 3716 iu

77 3741 253 3807 ClementeV
267 3753 454 3825 statuerunt,
465 3756 519 3812 aut
532 3751 591 3831 ipsi
602 3753 664 3812 Nos
676 3752 832 3817 litterisad
883 3751 1091 3831 captivitatem
1108 3752 1249 3828 redigens
1266 3765 1391 3811 omnem
1412 3747 1603 3808 intellectum
1617 3749 1650 3810 in

77 3832 210 3898 dilectum
223 3839 335 3900 l'ilium
346 3841 491 3902 Nostrum
501 3843 695 3906 cardinalem
706 3847 833 3927 Presby-
884 3844 1068 3924 obsequium
1076 3839 1650 3920 Christihaucplenamsubmissionem

76 3929 167 3988 tarum
187 3929 223 3990 de
242 3931 356 3992 Geissel
377 3935 604 4013 Arclriepiscum
619 3937 832 4000 coloniensem
883 3937 923 3997 ab
936 3937 974 3997 iis
987 3937 1170 4016 prasertim,
1180 3935 1233 4014 qrri
1245 3934 1321 3994 alios
1332 3934 1455 4007 docent,
1469 3932 1650 3993 arrctoritato

11 4094 16 4106 ‚
76 4017 165 4080 die-lb
181 4022 260 4102 junii
284 4025 361 4085 1857
376 4025 832 4106 datisjudicavimus,dicentas
884 4031 950 4090 lira
976 4029 1124 4110 postules,
1149 4027 1303 4088 licentiam
1329 4031 1434 4086 autem
1457 4041 1576 4098 corum,
1597 4025 1648 4103 qui

76 4107 223 4174 hominem
249 4134 378 4196 corpora
402 4122 433 4177 et
454 4119 559 4180 anima
585 4119 627 4180 ita
648 4121 774 4197 absolvi,
797 4128 832 4184 ut
883 4122 962 4183 forte
974 4123 1081 4182 audire
1103 4121 1283 4193 detractent,
1299 4122 1447 4197 potestate
1461 4134 1555 4195 quam
1567 4117 1652 4178 dedit

76 4203 179 4281 amma,
195 4225 291 4287 eaque
305 4209 474 4276 rationalis.
486 4212 525 4272 sit
538 4230 622 4282 vera,
631 4231 686 4293 per
700 4221 831 4294 seatque
880 4213 938 4274 tihi
952 4215 1043 4288 ilaus,
1058 4231 1208 4274 coerceas.

77 4291 241 4360 immediata
263 4302 400 4380 eorporis
417 4301 527 4364 forma.
547 4306 587 4365 At
601 4323 674 4366 vero
688 4306 750 4366 Nos
767 4326 831 4368 non
922 4303 1653 4387 SuperesseTibarenerabuisFrater-,aegrotat

76 4389 159 4449 modo
167 4390 214 4452 his
224 4393 325 4454 serbis
339 4395 519 4456 catholicam
530 4397 568 4458 de
581 4398 708 4459 bomine
718 4399 830 4460 doctri·
881 4400 1026 4460 aniverso
1053 4401 1115 4460 tuis
1144 4399 1236 4474 euris,
1263 4397 1424 4458 commisso
1450 4395 1650 4474 apostolicam

76 4493 141 4542 nam
165 4484 396 4561 declaravimus,
426 4489 479 4548 sed
507 4490 599 4550 etiam
627 4491 706 4552 hanc
733 4492 831 4572 ipsam
881 4487 1649 4568 benedictionemtotocordisaffectuimpertiamur.

77 4572 244 4638 catholicam
255 4578 427 4640 doctrinam
441 4581 577 4642 doctrina
592 4583 741 4645 Giintheri
759 4585 829 4647 laedi
922 4587 1032 4646 Datum
1048 4587 1152 4647 Romae
1163 4585 1246 4664 apud
1256 4585 1287 4644 S.
1303 4583 1427 4644 Petrum
1441 4582 1536 4642 die30
1545 4581 1651 4660 aprilis

77 4669 341 4739 pronuntiavimus.
362 4672 402 4731 At
415 4672 497 4750 quod
516 4674 541 4734 si
561 4675 677 4735 Baltzer
689 4677 830 4738 animum
881 4696 964 4738 anno
979 4680 1068 4754 1860,
1092 4677 1287 4738 pontificatus
1308 4676 1410 4737 Nostri
1427 4692 1510 4735 anno
1531 4673 1650 4734 decimo

76 4757 250 4830 advertisset,
276 4763 474 4824 intellexisset
490 4785 576 4842 sane,
596 4767 769 4830 doctrinam
791 4771 829 4832 de
880 4776 1002 4849 quarto.
1397 4769 1464 4827 Prus
1484 4767 1540 4826 ΡΡ.
1557 4767 1608 4828 ΙΧ.
