4112 6344
739 375 851 438 LIBER
872 375 1071 440 SECUNDUS
1646 383 1704 444 513

109 529 337 612 quiapersonae
352 541 462 598 amatae
475 536 593 600 bonum
603 545 659 616 est,
673 539 785 603 dicitur
796 559 885 604 amor
933 540 1120 620 pulchrum:
1145 541 1315 626 AEpyptiis,
1340 545 1502 626 Incognita
1521 545 1630 626 caligo,
1646 549 1705 610 Ter

110 622 256 688 amicitia
265 632 319 688 aut
328 626 561 692 benevolentias.
932 634 1087 697 tenebrae:
1105 633 1138 698 S.
1154 636 1307 719 Dionysio,
1320 638 1429 717 Ipsum
1442 657 1507 702 esse
1518 659 1526 701 2
1536 639 1572 702 S.
1587 640 1704 722 Augus·

22 704 82 764 {4⁷
150 716 180 796 ξ.
207 719 237 779 2.
261 720 349 780 Tunc
369 737 441 782 amo
464 723 563 784 Deum
584 742 690 786 amore
709 727 882 808 011111ρί1-
933 725 1008 804 tino,
1038 727 1111 788 Sine
1137 728 1283 808 qualitate
1303 729 1413 806 bonus,
1440 732 1507 794 sine
1533 733 1705 813 quantitate

108 810 231 884 renue,
248 809 275 871 si
287 811 358 873 ideo
370 829 485 890 amem,
506 815 579 894 quia
599 817 679 878 Deus
693 817 769 878 milri
782 819 884 881 bonus
932 835 1077 899 magnus,
1098 819 1165 882 sine
1183 821 1354 900 indigentia
1378 824 1520 899 Creator,
1551 825 1617 886 sine
1644 826 1705 886 situ

105 908 166 980 est,
189 921 219 966 v.
241 921 271 982 g.
293 904 367 984 quia
380 923 431 966 me
445 912 569 983 creavit,
585 909 726 986 redemit,
744 913 882 974 sanctifi-
932 928 1078 989 praesens,
1107 913 1173 973 sine
1195 914 1304 974 babitu
1326 915 1430 976 omnia
1450 917 1622 994 continens,
1638 919 1705 981 sine

105 994 201 1072 cavit,
226 1003 399 1075 conservat,
423 998 499 1078 quia
518 1001 596 1065 mibi
616 1002 735 1063 remisit
747 1011 880 1084 peccata,
932 1001 1002 1064 loco
1015 1004 1131 1085 ubique
1145 1011 1241 1080 totus,
1253 1006 1319 1068 sine
1333 1013 1472 1088 tempore
1486 1011 1701 1090 sempiternus,

103 1091 154 1148 tot
167 1089 282 1168 gratias
294 1093 325 1151 et
337 1089 487 1152 beneficia
501 1094 632 1155 contulit
645 1096 842 1174 universalia,
852 1104 883 1160 et
933 1095 1000 1157 sine
1017 1097 1081 1158 ulla
1098 1098 1146 1158 sui
1167 1099 1338 1161 mutatione
1362 1101 1524 1162 mutabilia
1539 1105 1646 1166 omnia
1662 1105 1705 1166 fa·

103 1180 314 1259 particularia,
325 1182 398 1263 quia
408 1184 475 1244 vult
485 1184 563 1246 milri
573 1187 646 1248 dare
658 1187 882 1252 beatitudinem
932 1187 1027 1249 ciens.
1042 1188 1078 1251 S.
1096 1192 1123 1252 T
1120 1189 1150 1250 lc.
1168 1192 1386 1254 Universaliter
1396 1211 1450 1254 eus
1464 1195 1644 1275 perfectum,
1655 1198 1704 1259 cui

105 1278 276 1336 cateruam:
292 1279 367 1336 tune
395 1293 466 1338 amo
489 1279 586 1340 Deum
605 1299 712 1343 amore
726 1283 879 1360 amicitiae,
931 1298 996 1342 non
1016 1282 1101 1344 deest
1121 1283 1251 1364 alicujus
1275 1286 1397 1365 generis
1422 1287 1588 1366 nobilitas;
1618 1295 1705 1352 actus

103 1366 411 1445 seubenevolentiae,
434 1369 458 1430 si
473 1369 542 1431 ideo
556 1389 669 1442 amem,
684 1374 774 1454 eique
787 1376 880 1437 velim
929 1391 1026 1452 purus
1056 1395 1063 1436 :
1119 1375 1260 1438 Cinnanis·
1295 1378 1517 1456 Aleacnctrc'nc,
1547 1381 1634 1444 Unus
1669 1382 1703 1443 in

103 1458 348 1536 omnebonum,
374 1461 447 1541 quia
466 1461 526 1524 hoo
539 1465 602 1526 Deo
615 1465 675 1545 ipsi
688 1466 807 1530 bonum
822 1475 878 1531 est.
930 1467 1048 1544 omnia,
1077 1467 1108 1528 in
1138 1487 1200 1548 quo
1228 1470 1343 1544 omnia,
1370 1490 1427 1551 per
1450 1491 1543 1553 quem
1572 1475 1702 1537 omnia:

102 1551 205 1612 Amor
219 1553 474 1632 concupiscentiae
487 1562 532 1617 est
541 1557 750 1638 imperfectus,
760 1561 834 1624 licet
843 1563 883 1624 sit
932 1556 964 1620 S.
995 1559 1165 1638 Bernurdo,
1191 1562 1345 1642 Quidquid
1369 1565 1501 1645 cogitaS,
1531 1567 1614 1628 rdtra
1640 1585 1704 1629 nou

102 1641 219 1722 bonus,
241 1645 398 1726 possitque
419 1665 485 1708 esse
504 1652 747 1729 supernaturalis
759 1673 767 1728 ;
793 1641 885 1716 amor
930 1649 1010 1711 circa
1033 1653 1238 1732 querendum
1261 1661 1327 1716 est:
1355 1655 1391 1716 S.
1420 1657 1580 1736 damiano,
1609 1659 1706 1739 cujus

102 1741 213 1797 autem
232 1739 375 1800 amicitias
399 1747 446 1802 est
465 1760 554 1803 emor
575 1744 739 1824 perfectus,
761 1745 881 1828 dequo
930 1741 1085 1806 ineffabile
1118 1751 1164 1806 est
1190 1764 1306 1807 nomen
1326 1753 1357 1808 et
1372 1748 1703 1830 incomprehensibile:

102 1829 290 1910 explicando
304 1850 389 1894 nunc
401 1833 589 1897 laboramus.
930 1833 1099 1914 Lactantio,
1118 1839 1248 1899 AEtema
1262 1856 1351 1900 mens
1368 1847 1415 1901 est
1433 1842 1519 1902 omni
1534 1848 1621 1922 parte
1634 1863 1704 1924 per-

11 1909 77 1971 tte
145 1922 176 2002 ᾗ,
201 1924 231 1984 3,
257 1924 343 1986 Bona
366 1925 420 1988 Dei
442 1927 502 1988 alia
526 1935 600 1990 sunt
619 1929 797 2008 intrinseca,
820 1933 881 1995 alia
930 1927 1027 2003 fectae,
1053 1937 1337 2012 consummataque
1358 1933 1500 1995 virtutis:
1518 1936 1703 2014 Ceasiudcro,

104 2013 298 2078 extrinseca:
322 2018 503 2098 Iutrinseca,
527 2025 601 2084 sunt
619 2021 749 2084 infinitae
764 2025 881 2103 perfee-
931 2019 1037 2081 Virtus
1058 2022 1291 2103 inexplicabilis,
1315 2025 1420 2086 Pietas
1441 2026 1705 2108 incomprehensi-

103 2105 218 2183 lioneS,
243 2109 371 2188 quasin
389 2128 421 2172 se
436 2111 541 2190 hebet,
562 2113 608 2173 uti
623 2114 792 2193 Sapientia,
808 2118 879 2178 lus·
930 2112 1011 2190 bilis,
1029 2114 1189 2194 Sapientia
1202 2115 1385 2178 ineffabilis:
1403 2119 1499 2197 Cujus
1513 2121 1651 2184 definitio
1662 2128 1707 2185 est

101 2199 185 2276 titia,
216 2199 435 2279 Misericordia,
464 2205 642 2282 AEtcrnitas,
667 2207 878 2287 ¹immensitas,
930 2205 1027 2267 tinem
1051 2207 1084 2267 in
1113 2207 1297 2270 Sanctorum
1323 2209 1466 2272 laudibus
1489 2230 1554 2273 non
1578 2214 1704 2278 habere.

103 2291 348 2373 Omnipotentia,
368 2295 580 2372 Pulcbritudo,
605 2297 738 2370 Bonitas,
756 2301 878 2364 Incom-
930 2297 1070 2360 Ecclesia
1087 2298 1520 2378 Gaetulicelzcxtremondae
1528 2305 1704 2386 Maiestatis,

102 2384 364 2464 prehensibilitas,
385 2393 442 2450 etc.
465 2391 643 2452 Extrinscce
661 2398 743 2469 sunt,
771 2412 881 2473 quaee
930 2390 1013 2451 solus
1040 2393 1181 2470 Sanctus,
1202 2394 1284 2454 solus
1306 2395 1467 2473 Dominus,
1492 2397 1574 2458 solus
1587 2399 1705 2461 Altissi-

103 2479 255 2540 creaturis
268 2476 337 2542 fieri
350 2487 480 2560 possunt
494 2487 524 2543 et
533 2483 655 2563 placent
666 2485 741 2558 Deo,
753 2505 877 2568 nempe,
930 2495 1017 2554 mussi
1034 2478 1208 2560 Scriptura?
1222 2500 1327 2560 sacre,
1342 2483 1443 2563 Alphfl
1465 2489 1496 2545 ‘li
1516 2487 1642 2566 omega,
1661 2495 1707 2550 ffli

102 2570 191 2648 quod
214 2578 410 2652 agnoscatur,
434 2573 524 2634 sicuti
544 2575 576 2635 in
600 2593 633 2636 se
658 2582 704 2638 est
723 2577 880 2658 perfectis.
931 2571 984 2650 qui
999 2578 1055 2648 est,
1072 2575 1155 2635 Deus
1169 2573 1316 2652 Sabaoth,
1334 2576 1485 2637 Dominus
1499 2580 1703 2658 exercituum,

102 2661 216 2737 simus,
240 2665 324 2743 quod
345 2671 476 2741 ametur,
506 2667 595 2728 sicuti
617 2667 648 2728 in
675 2687 707 2730 se
733 2671 877 2750 optimus.
931 2664 1013 2725 Deus
1034 2664 1163 2727 deorum
1186 2667 1345 2744 Dominus,
1366 2669 1515 2730 Dominus
1536 2672 1707 2734 Dominan-

103 2755 192 2834 quod
212 2756 341 2830 colatur,
366 2759 521 2836 laudetur,
541 2760 722 2839 honoretur,
745 2763 834 2824 sicuti
846 2764 880 2826 in
932 2754 1021 2831 lium,
1040 2758 1221 2818 D⁰m5118101
1238 2760 1541 2841 DOfflissUS‚11¹³ssffl¹S
1555 2765 1706 2827 D⁰mi1111⁵

101 2868 137 2914 se
156 2855 204 2911 est
216 2849 534 2930 precellentissimam
555 2853 658 2932 itaque
673 2859 748 2915 tunc
768 2855 880 2917 amabo
931 2853 961 2909 et
981 2848 1144 2911 laudabilis
1169 2851 1273 2928 nimis,
1299 2853 1447 2914 Dominus
1464 2855 1627 2935 virtutum,
1643 2859 1704 2919 Do·

101 2944 205 3004 Deum
219 2943 365 3023 perfecte,
382 2944 407 3004 si
423 2945 484 3005 Deo
498 2945 592 3006 velim
614 2945 673 3006 ista
691 2948 785 3025 bona,
810 2948 880 3010 ideo
930 2941 1035 3002 minus
1058 2943 1208 3013 excelsus.
1238 2943 1433 3024 magnificus,
1457 2947 1613 3023 terribilis,
1634 2951 1705 3012 Rex

101 3035 180 3115 quia
190 3036 253 3096 Deo
267 3034 350 3096 bona
364 3041 457 3112 sunt;
473 3036 499 3098 si
512 3036 633 3098 foveam
651 3038 697 3100 illi
710 3057 797 3100 stram
811 3040 881 3102 infi-
929 3033 1061 3113 Regum,
1087 3037 1156 3097 Rex
1179 3053 1311 3115 magnus
1329 3055 1421 3117 super
1435 3057 1561 3102 Omnem
1574 3048 1701 3116 terrim,

101 3128 410 3210 nitamsapiontiam,
433 3131 613 3210 signatuler
631 3131 669 3193 de
687 3131 810 3195 infinita
823 3153 878 3214 po.
929 3127 1016 3205 cujus
1041 3128 1265 3207 magnitudinis
1291 3129 1415 3191 infinita
1444 3137 1490 3192 est
1522 3133 1702 3214 multitudo,

101 3221 215 3295 tentia,
231 3221 422 3302 sigaudeam
435 3223 472 3282 de
485 3223 580 3303 ipsius
596 3223 838 3303 pulchritudine,
854 3226 880 3286 si
929 3219 1017 3298 cujus
1035 3219 1257 3299 magnitudinis
1280 3239 1345 3281 nen
1365 3227 1411 3282 est
1432 3240 1582 3285 numerus
1601 3245 1703 3307 neque

102 3313 316 3393 fflmpiiieam
334 3314 412 3374 mihi
430 3313 463 3374 iii
478 3313 544 3392 ejus
557 3314 878 3396 incomprehensibili.
929 3310 1015 3372 finis:
1036 3312 1059 3372 0
1079 3312 1240 3390 lllajestusl
1259 3331 1277 3374 o
1301 3313 1469 3393 perfectiol
1490 3317 1667 3379 0Bonitast
1681 3331 1703 3380 'o

102 3406 343 3486 tgtfflsioptem,
361 3411 395 3467 ut
406 3412 601 3486 agnoscatur,
615 3415 745 3477 ametur,
762 3411 880 3472 colatur
930 3404 1162 3466 pulchritudo!
1190 3422 1209 3464 0
1235 3406 1316 3467 Deus
1343 3407 1472 3468 Omnia!
1508 3407 1544 3469 S.
1573 3409 1706 3472 Michael

102 3498 146 3560 ab
161 3498 317 3576 omuibus,
328 3497 471 3578 quiahoc
484 3499 543 3580 ipsi
556 3501 656 3580 placet
669 3507 700 3562 et
712 3508 838 3583 propter
847 3521 879 3566 se
929 3497 1032 3558 adhuc
1047 3497 1213 3577 pretendit
1227 3501 1351 3559 scutum
1364 3504 1396 3559 at
1407 3499 1568 3574 exclamat,
1585 3501 1657 3578 Ouia
1670 3513 1703 3564 nt

103 3592 223 3672 dignus
244 3600 307 3670 est3
336 3593 362 3652 si
380 3609 477 3669 orem,
493 3597 524 3654 et
542 3595 740 3674 quantumin
754 3613 805 3657 me
821 3603 877 3675 est,
929 3587 1033 3650 neus?
1047 3589 1120 3651 huie
1132 3592 1195 3650 Deo
1210 3589 1235 3650 si
1249 3590 1332 3651 faves
1345 3597 1375 3652 et
1389 3592 1554 3670 gratularis
1568 3612 1618 3654 eas
1632 3613 1702 3675 per·

103 3685 289 3764 impediam,
311 3703 351 3746 ne
372 3684 566 3762 offendatur3
582 3686 656 3766 quia
675 3688 740 3768 ipse
753 3693 880 3769 propter
928 3679 1088 3756 factiones,
1108 3681 1135 3742 si
1154 3682 1188 3742 in
1209 3681 1252 3742 eis
1267 3681 1323 3742 tibi
1337 3683 1518 3762 complaces,
1533 3685 1560 3745 si
1573 3687 1700 3766 gaudeS,

103 3777 264 3838 infinitam
291 3777 464 3839 honitatem
489 3796 595 3856 suam,
623 3779 655 3839 id
682 3785 729 3840 esi
754 3786 881 3860 propter
929 3772 1002 3850 quia
1019 3772 1078 3852 ipsi
1100 3773 1183 3834 bona
1205 3779 1289 3848 srrnt,
1313 3775 1423 3854 etipse
1438 3776 1700 3840 sibiineiscom-

103 3869 318 3932 infinitasillas
328 3869 539 3951 perfectiones,
554 3889 631 3952 quas
644 3871 748 3946 habet,
763 3871 879 3952 dignis·
928 3864 1038 3944 placei,
1055 3883 1140 3926 ³¹1¹OE
1151 3867 1251 3927 Deum
1263 3866 1407 3946 Pelftssifl·

105 3963 205 4023 simus
232 3967 294 4040 cst,
320 3981 386 4024 non
412 3961 544 4032 offendi,
575 3963 628 4025 sed
656 3982 748 4044 super
775 3964 879 4026 omnia
968 3957 996 4036 §.
1021 3960 1051 4020 5.
1067 3958 1170 4020 Etiam
1184 3977 1223 4020 ex
1236 3962 1384 4020 creaturis
1394 3960 1540 4022 aestimuri
1555 3971 1656 4042 potest
1670 3973 1700 4029 et
1726 3982 1784 4042 150

105 4055 217 4125 amari,
231 4055 301 4129 coli,
315 4056 471 4118 honorari.
928 4050 1027 4110 amari
1054 4051 1147 4127 Deus,
1174 4068 1249 4112 nam
1275 4051 1307 4112 in
1331 4051 1438 4132 primis
1466 4053 1616 4136 quidquid
1643 4057 1700 4120 tihi

7 4139 76 4201 149
148 4150 175 4226 ξ,
200 4151 231 4208 t.
259 4149 336 4210 Cum
359 4165 446 4210 amor
472 4152 619 4227 sequatur
643 4147 878 4210 aestimationem
928 4143 1061 4204 occurrit
1090 4143 1124 4205 in
1155 4149 1265 4204 natura
1285 4143 1471 4224 honestum,
1516 4148 1699 4230 pulchrum,

104 4241 193 4319 boni,
219 4242 258 4302 ad
281 4239 518 4320 concipiendum
536 4239 706 4319 perfectum
724 4239 877 4302 Deiamo-
924 4235 1111 4313 jucundum,
1128 4235 1274 4316 optabile,
1296 4236 1356 4298 boc
1378 4242 1479 4300 totum
1505 4241 1608 4302 aDeo
1622 4248 1653 4304 et
1667 4243 1701 4304 in

103 4353 175 4397 rem
191 4333 313 4414 Jurabit
329 4349 476 4408 magnam
494 4332 533 4393 de
551 4333 614 4393 Deo
632 4332 734 4393 ideam
747 4331 804 4393 sibi
817 4337 877 4392 tor·
928 4327 993 4388 Deo
1008 4331 1054 4389 est
1067 4327 1250 4402 necessarie,
1270 4327 1527 4408 independenter,
1544 4334 1700 4395 aeternali-

103 4447 193 4490 mare
216 4425 343 4508 etquid
365 4425 399 4485 in
421 4443 453 4486 se
475 4425 515 4485 sit
537 4426 628 4494 Deus,
654 4442 820 4504 agnoscere
842 4443 877 4486 ac
927 4425 986 4496 ter,
1001 4419 1259 4480 indefectibiliter.
1280 4421 1436 4501 Quidquid
1453 4424 1580 4502 cogitari
1600 4431 1701 4506 potest

103 4520 313 4596 considerare,
336 4524 405 4579 tum
422 4537 460 4580 ex
476 4516 594 4578 lumine
608 4523 740 4592 naturae,
756 4522 825 4577 tum
839 4535 878 4578 ex
928 4511 1187 4588 aestimabilitatis,
1212 4511 1380 4591 dignitatis,
1402 4516 1602 4596 excellentiae,
1629 4537 1700 4581 ma-

103 4613 245 4676 doctn’na
263 4612 351 4674 fidei:
373 4613 454 4672 Deus
473 4609 596 4671 Platoni
607 4616 653 4672 est
667 4609 794 4672 Genitor
804 4607 878 4670 Uni·
927 4605 1124 4683 gnifieentiae‚
1152 4604 1331 4684 majestatis,
1357 4607 1566 4687 amabilitatis,
1597 4616 1699 4674 totum

101 4706 268 4782 versitatis,
295 4705 410 4766 Auctor
431 4703 595 4778 maximus,
625 4703 725 4782 Supra
751 4718 878 4762 omnem
926 4696 960 4756 in
979 4698 1042 4758 Deo
1063 4703 1109 4758 est
1130 4696 1195 4758 sine
1218 4696 1408 4759 admixtione
1428 4699 1521 4761 ullius
1541 4702 1701 4782 imperfec

103 4799 321 4875 substantiam,
344 4796 447 4858 Pleuae
469 4793 675 4876 perfectionis,
711 4796 877 4856 Summum
927 4789 1031 4868 tionis.
1050 4788 1159 4852 Omnia
1173 4789 1336 4850 adnutum
1351 4790 1417 4870 ejus
1430 4797 1512 4852 stant
1525 4793 1698 4857 autferun-

103 4893 251 4954 bonum:
278 4888 439 4966 Aristoteli,
477 4890 537 4948 Ens
570 4887 710 4964 entium;
746 4885 875 4964 Scnecce,
926 4887 993 4957 tur;
1030 4883 1143 4958 Terra,
1179 4881 1351 4960 Elementa,
1389 4885 1546 4946 Oculorum
1581 4887 1696 4964 orbes,

103 4987 237 5047 Summa
270 4987 301 5044 at
333 4980 544 5062 pulcherrima
574 4979 716 5041 omnium
745 4984 875 5055 natura;
929 4975 1042 5052 Stellae,
1056 4974 1294 5054 Sol,Luna,ipsi
1307 4975 1438 5037 subsunt
1452 4981 1697 5042 omnesMonar·

104 5077 253 5150 Ciceroni,
292 5073 546 5136 Praestantissima
585 5089 695 5137 mens:
734 5070 875 5150 Alcinoi,
927 5067 1003 5129 chia
1021 5072 1124 5140 terne,
1154 5065 1214 5146 ipsi
1237 5066 1427 5129 submittunt
1453 5087 1485 5130 se
1508 5069 1699 5150 Angelorum

104 5169 215 5250 Seipso
229 5166 393 5249 perfectus,
414 5181 537 5244 semper
554 5163 717 5244 perfectus,
733 5163 826 5224 Omni
840 5180 878 5224 ex
928 5159 1033 5236 chori,
1053 5157 1189 5220 velantes
1214 5157 1306 5238 faqies
1332 5165 1363 5222 et
1390 5160 1580 5224 incessanter
1606 5165 1701 5226 amla-

102 5267 194 5345 parte
206 5259 379 5342 perfectus:
407 5257 602 5338 Trisrncpisto,
623 5258 763 5317 Deusest
781 5255 879 5316 circu-
927 5260 1060 5331 mantes,
1083 5254 1223 5327 Sanctus,
1267 5252 1408 5330 Sanctus,
1446 5254 1587 5332 Sanctus,
1614 5259 1698 5336 quod

101 5358 166 5433 lus,
193 5353 282 5434 cujus
308 5358 451 5414 centrum
478 5349 605 5430 ubique,
630 5347 878 5410 circumferentia
927 5344 1069 5405 omnium
1087 5343 1258 5406 maxinmm
1272 5351 1329 5420 est,
1353 5345 1448 5406 homo
1472 5348 1553 5408 Deus
1567 5345 1697 5411 infinita

102 5464 283 5528 nusquam:
306 5443 484 5519 Platonicis,
509 5443 616 5523 Ipsum
628 5441 758 5518 bonum,
775 5441 877 5520 ipsum
928 5437 985 5499 Dei
999 5437 1149 5518 majestati
1171 5455 1203 5500 se
1221 5455 1277 5518 per
1296 5437 1567 5517 prcnndissimam
1589 5441 1699 5503 adora-

266 5559 349 5622 Το11.
366 5558 390 5620 Ι.
1498 5557 1538 5618 33
