3964 6348
683 437 732 496 ΒΕ
752 435 1017 498 CONSCIENTIA.
1585 435 1640 494 aot

73 603 162 680 rllnd,·
175 621 240 684 erpo
253 603 340 665 etiam
354 605 514 685 opiniones,
540 621 613 683 quas
626 619 705 663 nune
718 600 820 680 desen·
873 621 903 683 q.
921 603 969 664 52.
986 619 1041 663 oss.
1058 605 1088 663 t.
1105 603 1182 662 Hine
1192 603 1282 682 Moya
1293 602 1326 662 in
1341 621 1411 683 app.
1426 600 1474 662 acl.
1490 609 1530 661 tr.
1546 599 1581 660 de
1593 617 1641 679 op.

70 693 470 776 luntlbeolopirecentiores,
485 695 624 757 damnari
636 694 673 756 ab
687 693 823 755 Ecclesia
872 693 957 776 prob.
981 715 1009 776 q.
1036 699 1066 756 ’1.
1088 715 1118 756 n.
1142 697 1191 755 38.
1215 697 1264 756 39.
1285 700 1416 756 testatur
1443 709 1643 755 communem

70 795 177 868 queant.
204 788 290 868 Hesp.
306 787 507 870 Adprimum,
530 789 690 849 inscitiane
712 784 823 848 adsm-
874 786 1080 867 probabilistis
1103 808 1110 847 :
1135 788 1273 866 Fegnan.
1297 792 1329 847 et
1348 788 1442 848 Gonz.
1461 786 1491 847 d.
1514 789 1542 846 9.
1564 804 1594 846 n.
1611 786 1641 846 2.

70 879 125 941 lom
149 879 288 959 ejusmodi
309 888 527 961 amonentem,
545 898 583 942 an
611 877 824 960 impudentiae?
873 881 982 940 dieunt
1005 897 1069 940 esse
1090 881 1132 940 ita
1159 897 1358 941 communem
1391 881 1474 940 inter
1496 880 1643 940 auctores

70 970 142 1050 Nepa
155 971 272 1034 rotunde
291 973 456 1034 antecedens
476 993 485 1034 .·
509 991 568 1034 non
590 973 636 1035 ait
650 970 822 1046 La-Croc'u,
873 972 1035 1050 benignos,
1052 973 1132 1032 utin
1146 991 1182 1032 ea
1192 973 1377 1033 conveniant
1387 971 1536 1050 Theologi
1550 971 1643 1049 hujus

70 1063 176 1126 licitum
189 1083 243 1126 esse
255 1066 376 1146 operari
393 1069 492 1143 jueta
505 1065 638 1128 aliorum
650 1063 822 1144 opinionem,
873 1065 1021 1143 temporis
1036 1064 1100 1126 fere
1113 1080 1241 1139 omnes;
1257 1070 1302 1125 est
1325 1069 1429 1125 animm
1451 1070 1557 1128 contra
1570 1064 1639 1143 Esp.

69 1156 269 1236 quamjndieio
284 1157 473 1236 salsam‚hac
487 1157 551 1218 sola
562 1156 681 1217 ratione
697 1156 821 1229 reflexa,
875 1157 907 1217 io
920 1176 987 1236 opp.
1004 1163 1064 1217 art.
1081 1159 1148 1218 ato.
1168 1159 1263 1217 Gonz.
1280 1155 1310 1218 d.
1329 1158 1359 1217 ἓ.
1378 1157 1405 1235 §.
1422 1157 1452 1215 ἓ.
1469 1161 1497 1215 et
1513 1173 1590 1236 seqq.
1611 1154 1640 1216 d.

69 1246 137 1328 quod
147 1248 214 1310 aliis
228 1268 298 1310 aera
311 1250 352 1310 sit
367 1267 377 1310 :
399 1249 520 1330 imponit
546 1247 673 1310 Concina
694 1247 825 1328 turpiter
874 1252 905 1309 7.
921 1267 951 1309 n.
966 1251 1016 1310 47.
1027 1247 1058 1308 d.
1074 1251 1103 1310 8.
1118 1268 1150 1309 o.
1168 1251 1214 1309 lb.
1231 1246 1262 1309 d.
1279 1252 1361 1309 lta
1379 1267 1408 1309 n.
1430 1250 1457 1307 l.
1481 1248 1644 1328 itemtmque

65 1339 184 1422 popello,
206 1360 241 1400 ae
253 1341 360 1416 sciolis,
376 1341 429 1402 boc
441 1339 569 1403 tribuens
583 1340 622 1402 P.
638 1337 799 1402 La-Croie
812 1359 824 1400 .·
873 1361 937 1402 an.
952 1344 1003 1403 3t.
1020 1343 1112 1402 Ratio
1126 1348 1231 1402 nostra
1245 1347 1300 1410 est,
1315 1341 1387 1421 speria
1405 1340 1511 1400 habito
1527 1340 1644 1420 judicio

69 1431 390 1511 bacestratiorelleca,
407 1453 497 1514 qoam
511 1433 668 1495 la-Croin
679 1431 824 1508 adneittit;
874 1443 957 1496 certo
981 1434 1019 1495 de
1041 1433 1256 1514 probabilitate
1279 1435 1412 1514 practica
1434 1433 1562 1513 alicujus
1576 1433 1643 1512 opi-

68 1525 190 1588 incertus
203 1545 283 1601 sum,
306 1545 493 1605 numquam
516 1526 623 1586 taleam
640 1525 747 1604 judieo
761 1525 826 1604 opi·
874 1527 986 1604 aionis,
1009 1528 1178 1606 prudenter
1205 1545 1316 1607 operor
1343 1526 1512 1588 secitudum
1539 1526 1641 1599 illam,

68 1617 193 1693 monem,
204 1637 240 1680 ea
253 1637 362 1680 renem
375 1619 416 1679 ait
437 1618 524 1687 salsa,
541 1625 571 1679 et
584 1618 707 1679 aliunde
719 1635 825 1678 veram
875 1637 939 1680 esse
954 1620 1038 1679 enim
1059 1621 1191 1700 practice
1202 1619 1372 1699 probabile,
1393 1624 1424 1680 et
1435 1638 1500 1680 esse
1511 1618 1643 1696 licitum,

68 1709 141 1770 illam
155 1711 260 1771 dicunt
286 1711 439 1791 sapientes
462 1716 611 1772 auctores.
637 1709 669 1772 H
673 1710 719 1770 inc
731 1717 822 1790 patet,
874 1712 925 1772 hio
938 1712 1021 1772 idem
1036 1717 1118 1788 sunt,
1134 1713 1220 1791 atqui
1233 1729 1358 1791 possum
1373 1711 1644 1790 haberejudieium

67 1821 212 1884 perperam
223 1821 262 1864 ea
276 1801 331 1864 bac
343 1802 474 1864 doctrim
487 1801 644 1864 absurdam
659 1801 742 1862 illam
757 1800 826 1861 duci
875 1811 995 1865 eertum
1005 1805 1043 1866 de
1058 1805 1271 1884 probabilitate
1286 1805 1417 1884 practica
1431 1805 1561 1882 alicujus
1574 1805 1643 1884 opi-

68 1892 98 1954 de
108 1894 251 1956 mordacis
265 1895 345 1957 licito
360 1913 371 1956 :
387 1895 537 1956 nonenim
561 1913 611 1976 epo
627 1895 756 1956 incertus
770 1911 826 1954 esse
874 1898 987 1970 aionis,
1009 1898 1152 1976 momnis
1174 1897 1202 1958 ei
1225 1916 1290 1958 non
1304 1899 1461 1974 assentias,
1482 1897 1528 1957 uti
1541 1904 1643 1958 osten-

67 2005 178 2066 posmm
194 2007 266 2048 num
281 2006 381 2050 reuera
395 1987 503 2068 salsum
517 1987 566 2059 sit,
581 1985 659 2068 quael
672 2006 691 2048 a
705 2005 750 2047 me
761 1985 825 2047 clic-
875 2008 944 2052 stam
959 1995 1005 2051 est
1018 2009 1067 2052 an.
1084 2009 1115 2051 n.
1130 1991 1200 2051 23¹1.
1218 1995 1249 2051 et
1259 1992 1328 2051 375.
1345 1991 1437 2069 Ergo.
1449 1990 1644 2050 Rationema

70 2083 124 2138 tum
134 2077 203 2140 aliis
215 2099 315 2142 oerum
325 2099 380 2141 esse
388 2085 495 2160 potest,
517 2079 565 2141 Ad
575 2077 728 2140 secundom
756 2097 827 2158 nepo
874 2083 971 2164 priori
980 2085 1116 2162 suggerit
1125 2084 1256 2162 ipsemet
1264 2081 1330 2164 Esp
1339 2084 1469 2143 art.13¹l.
1477 2081 1643 2156 hisverbis,

68 2171 212 2250 sequelam.
233 2170 510 2252 ConscrAuctorem
524 2179 655 2232 nostrum
676 2189 736 2232 an.
755 2173 822 2233 136.
877 2175 955 2250 Quia
982 2176 1121 2236 motivum
1148 2173 1305 2236 intellectas
1331 2173 1371 2236 ad
1397 2173 1578 2256 opinandum
1606 2187 1646 2236 est

68 2261 110 2324 Ad
132 2265 251 2326 tertium
280 2267 310 2325 t.
334 2271 484 2344 retorqueo
501 2270 705 2344 arpumentum
725 2271 826 2324 contro
876 2265 965 2344 idon,
987 2273 1016 2328 ct
1029 2268 1209 2348 capnoscitur
1224 2267 1390 2349 aqualiter,
1411 2267 1482 2328 dam
1500 2287 1599 2329 sumus
1613 2269 1645 2328 in

66 2355 282 2434 probabiliorem
295 2359 326 2417 b.
356 2354 490 2433 Concedo,
511 2355 659 2436 opiniones
672 2354 709 2414 ab
723 2354 754 2415 E
755 2355 827 2416 ecle-
876 2360 1049 2441 actuprimo
1061 2359 1215 2441 opinandi,
1231 2367 1258 2421 et
1275 2379 1341 2420 curn
1354 2360 1423 2440 jam
1441 2361 1601 2442 opinamur
1611 2359 1645 2422 de

68 2446 267 2511 dedamnatas
278 2449 446 2529 suesseaote
459 2441 671 2510 darnoationem
682 2447 826 2528 probabi·
876 2452 973 2530 sacta·
997 2451 1153 2532 opinamur
1173 2453 1250 2513 enim
1271 2471 1309 2512 ec
1334 2451 1429 2513 codem
1447 2452 1646 2533 metiumque

70 2538 123 2602 les:
136 2539 199 2602 oide
210 2560 244 2602 n.
259 2542 330 2603 not.
349 2539 374 2602 C
374 2538 486 2615 oncedo,
500 2538 637 2601 damnare
654 2557 738 2620 posse
748 2539 828 2601 alias
875 2545 1080 2604 constituimur
1090 2551 1220 2626 potentes
1243 2544 1371 2624 opinari,
1383 2563 1434 2604 nec
1447 2545 1644 2624 capnoscimus

69 2638 251 2694 recentiorum
284 2634 444 2714 opiniones,
473 2649 539 2713 qua
572 2649 648 2692 nunc
662 2631 828 2713 probabiles
877 2636 953 2697 illud
977 2638 1080 2717 mapis,
1100 2636 1169 2696 dum
1193 2637 1352 2717 opinamur
1371 2646 1450 2712 actu,
1473 2655 1560 2716 quam
1573 2636 1643 2718 jam

68 2733 134 2785 sunt.
149 2726 232 2788 Hinc
243 2744 314 2805 nepo
329 2724 410 2805 fieri,
436 2722 514 2804 quod
526 2722 672 2802 ejusrnodi
684 2724 827 2804 opinioni·
872 2735 1154 2810 proecopnosceretar
1171 2727 1208 2788 ab
1223 2729 1397 2810 opinaturis.
1421 2729 1539 2803 Infer03
1555 2747 1640 2809 ergo,

70 2815 184 2878 bortmo
193 2818 377 2899 acquiescere
386 2835 444 2878 ooo
452 2816 606 2897 pessimius,
624 2815 702 2876 aliae
714 2834 749 2876 ne
757 2835 827 2896 pro
875 2822 939 2882 sivo
951 2821 1070 2881 eliciam
1083 2826 1185 2882 actum
1200 2821 1365 2900 opinionis,
1388 2821 1450 2881 sivo
1469 2839 1544 2894 uon,
1561 2823 1645 2882 idem

69 2907 250 2972 debilioribus
263 2909 378 2990 qutlbsm
400 2927 544 2990 pmsemm
568 2907 730 2984 adiacere,
760 2926 826 2988 qua
876 2914 1096 2992 aequivalenter
1109 2920 1154 2974 est
1174 2919 1312 2992 exparte
1336 2912 1508 2974 intellectus
1525 2934 1532 2973 :
1550 2913 1644 2974 Infert

67 3000 191 3065 damnari
199 3009 334 3084 possunt.
353 3001 590 3084 Certcpluresee
602 2999 826 3081 domooteopro·
875 3005 944 3085 Esp.
972 3005 1069 3067 itidem
1084 3025 1096 3067 .·
1120 3006 1236 3067 Necesse
1260 3004 1354 3086 ipitur
1366 3013 1416 3074 est,
1443 3013 1474 3066 ut
1488 3004 1644 3066 discrimen

66 3093 248 3174 positionibus
275 3093 369 3156 ueluti
376 3092 594 3175 probabiliores
607 3111 626 3153 a
640 3098 701 3154 sats
714 3094 823 3154 Aucto·
876 3099 957 3159 inter
969 3097 1157 3180 opinandum.
1173 3106 1201 3159 et
1213 3098 1380 3178 opinantem
1395 3105 1554 3173 reuocetur,
1572 3107 1645 3160 tam-

8 3265 9 3268 *
68 3187 140 3248 ribus
152 3187 238 3267 tuere
248 3186 384 3266 minna.
875 3209 965 3273 quam
979 3190 1019 3252 ad
1026 3191 1158 3273 primm
1172 3189 1312 3264 radicem,
1332 3189 1371 3251 ad
1391 3199 1491 3251 actum
1512 3189 1645 3252 uolunta·

9 3273 50 3336 bib
102 3279 191 3362 Obie.
207 3283 239 3342 3.
253 3280 286 3340 Si
297 3279 331 3340 in
342 3279 462 3357 agendo
476 3277 591 3358 possim
604 3277 691 3356 aequi
705 3276 824 3357 opinio·
875 3288 923 3360 tis,
939 3303 996 3364 qao
1005 3283 1210 3365 proeelipitnr,
1218 3289 1414 3363 presumatur,
1429 3301 1464 3344 oc
1481 3282 1645 3363 imperatur

66 3390 130 3434 nem
141 3372 289 3445 ahenam,
308 3389 382 3450 erga
405 3372 497 3430 etiam
515 3369 550 3429 in
563 3369 730 3448 loquendo,
751 3386 826 3448 orgo
874 3376 985 3457 opimo,
995 3377 1121 3457 inquam
1129 3375 1309 3456 erumpimus
1316 3372 1350 3434 de
1360 3375 1450 3455 facto.
1463 3375 1529 3436 Hoc·
1539 3381 1644 3436 atatem

66 3469 161 3543 potero
170 3465 285 3540 dicere,
299 3463 382 3543 qnod
392 3468 468 3543 puto
482 3460 676 3538 emeialsum,
692 3462 825 3524 sisciam
875 3485 998 3549 semper
1012 3475 1058 3529 est
1071 3470 1105 3528 iu
1119 3469 1258 3529 libertate
1275 3467 1459 3542 voluntatis3
1480 3485 1564 3546 ergo,
1580 3469 1643 3529 sive

67 3555 132 3617 ssllffl
144 3563 255 3637 Ρΰῒθῐθ
268 3574 333 3618 0⁵⁸³
346 3572 466 3628 verum,
488 3554 532 3616 ita
545 3553 618 3614 ΕΗΖ·
635 3553 676 3615 R·
700 3574 733 3616 11·
758 3572 822 3634 seq·
875 3567 944 3622 actu
955 3562 1074 3622 eliciam
1086 3562 1278 3641 opinionem.
1294 3560 1441 3634 sivenon,
1461 3559 1553 3638 plane
1566 3560 1644 3620 nihil

8 3657 9 3666 ³
67 3648 128 3727 qnia
147 3649 346 3711 mendacium
367 3654 413 3710 est
444 3647 531 3726 loqui
555 3651 663 3708 tantm
687 3652 826 3709 mentem
874 3654 994 3714 adrem
1007 3654 1088 3716 facit.
1105 3652 1194 3731 Conl.
1209 3653 1289 3714 Nam
1303 3657 1460 3731 utaperer
1473 3653 1643 3713 secundum

65 3756 152 3818 snam,
167 3743 245 3803 dum
254 3741 339 3802 enim
348 3741 470 3819 loquor,
480 3738 629 3819 profiteor
638 3757 689 3800 me
699 3739 835 3802 interne
875 3747 1070 3817 sententiam,
1085 3763 1180 3825 quam
1189 3751 1273 3806 certo
1287 3745 1348 3805 seio
1364 3761 1429 3804 esse
1449 3744 1642 3823 probabilio-

66 3829 167 3895 habere
180 3839 321 3895 menam
346 3833 443 3908 illam,
459 3849 533 3911 ergo
554 3832 579 3892 si
599 3832 821 3902 nonhabeam,
874 3855 952 3913 rem,
978 3844 1032 3900 aut
1059 3844 1184 3914 sertam,
1213 3855 1277 3898 noo
1300 3841 1346 3896 est
1367 3853 1445 3915 opus
1462 3836 1521 3896 hac
1539 3835 1642 3915 ipsum

66 3925 412 3988 mentior2nihilsi1nile
432 3930 478 3986 est
495 3924 529 3984 in
549 3929 695 4002 operante
715 3943 824 3986 secun·
871 3931 1023 4010 judicium
1036 3930 1237 4010 probabilius,
1248 3928 1641 4003 asitcertumaetuelioere,

66 4015 132 4078 dnm
144 4017 324 4098 opinionem
345 4016 490 4091 alienam,
512 4033 587 4078 nam
600 4034 666 4077 non
678 4017 751 4078 dicit
769 4018 824 4079 ob·
874 4024 927 4084 sed
941 4023 1014 4084 satis
1025 4028 1071 4083 est
1080 4022 1276 4100 mejudicere
1291 4020 1415 4096 reflexa,
1425 4019 1508 4099 spread
1522 4025 1643 4079 senten·

62 4107 168 4184 tecnam
204 4108 377 4170 meandum
416 4107 552 4169 renones
589 4109 719 4170 directas
759 4127 824 4171 esse
873 4116 927 4190 tia,
943 4115 1114 4176 seeundum
1128 4131 1220 4193 φιιιιι
1239 4112 1310 4172 volo
1324 4112 1457 4191 operari,
1482 4112 1519 4172 sit
1533 4111 1644 4190 proba-

66 4217 175 4280 veram,
190 4203 245 4263 sed
258 4207 381 4262 tantum
403 4201 478 4261 dicit
497 4218 562 4260 essa
576 4199 695 4261 licitum
714 4219 823 4263 secun-
874 4207 975 4284 bilior,
1000 4212 1054 4268 aut
1072 4213 1165 4276 certa,
1194 4205 1241 4265 uti
1265 4223 1358 4265 nemo
1389 4205 1507 4264 videtur
1528 4221 1642 4282 negare

66 4291 132 4354 dum
144 4296 280 4356 rationes
291 4293 431 4368 reflexas,
448 4310 524 4371 quas
537 4292 641 4370 habet,
657 4297 688 4354 et
700 4301 826 4374 propter
874 4317 973 4378 posse,
998 4317 1072 4378 ergo
1098 4296 1248 4372 similiter,
1277 4301 1312 4356 ut
1339 4313 1448 4375 operer
1471 4295 1641 4356 seeundum

66 4403 134 4464 quas
158 4392 304 4467 operatur
329 4385 500 4446 secundum
528 4402 598 4446 eam
611 4415 618 4430 ·
632 4385 823 4465 opinionem,
875 4392 1070 4468 senmntiam,
1086 4394 1270 4470 quantaene
1280 4388 1341 4449 seio
1356 4406 1420 4449 esse
1434 4387 1640 4467 probabilem

8 4489 9 4492 ’
66 4495 151 4557 mam
163 4479 302 4540 absolute
312 4483 415 4539 censet
428 4475 630 4557 probabilem.
873 4483 1023 4546 haoenon
1032 4482 1245 4564 probabilitate
1254 4481 1410 4560 supposita
1421 4480 1643 4560 superveniunt

8 4567 47 4630 aa
102 4571 133 4647 O.
148 4574 198 4633 50.
214 4569 432 4651 Amutaliquts
442 4568 823 4650 liciteoperetureecnndam
874 4595 931 4657 pro
944 4575 1111 4638 formando
1123 4574 1233 4634 ultimo
1239 4573 1356 4652 judieio
1366 4574 1500 4652 practico
1509 4573 1642 4632 rationes

66 4660 187 4742 aliquam
201 4663 363 4744 opinionem
368 4660 560 4742 probabilem,
577 4679 682 4723 neceas
694 4662 736 4723 sit
750 4661 825 4726 banc
873 4670 1007 4744 ressexae,
1024 4686 1100 4747 quas
1110 4666 1252 4728 dedimus
1266 4685 1298 4725 n.
1313 4665 1382 4727 ala.

65 4752 221 4833 opeoionem
235 4753 376 4816 directam
390 4752 506 4829 elicere,
524 4752 568 4814 ael
581 4761 649 4814 actu
662 4753 774 4832 babere,
791 4773 823 4817 v.
917 4761 1013 4842 objic.
1025 4763 1058 4827 t.
1074 4761 1105 4821 S.
1123 4761 1203 4838 Aug.
1221 4764 1324 4819 contra
1342 4754 1479 4818 Araden.
1492 4754 1512 4814 l.
1528 4755 1639 4815 ncne
1667 4759 1725 4818 388

66 4861 93 4921 g.
103 4848 190 4908 ansd
201 4848 270 4914 hoe.
282 4851 317 4906 ut
330 4864 381 4907 me
394 4845 475 4906 licite
489 4845 641 4907 resolvam
651 4847 827 4927 adpingen-
875 4852 955 4914 clare
969 4853 1150 4914 contradicit
1168 4851 1218 4912 his
1236 4849 1348 4923 verbis,
1367 4846 1405 4910 Id
1421 4845 1580 4928 pmbabile,
1597 4845 1643 4907 ael

67 4934 136 4998 dnm
146 4939 196 5000 die
208 4939 295 5011 festo,
311 4955 433 5000 necesse
447 4939 486 4999 sit
503 4956 554 4999 me
572 4939 721 5018 judicare,
743 4941 826 5019 quod
877 4945 1037 5006 uerisimile
1050 4943 1220 5005 Academici
1235 4939 1495 5021 oocaot,quodnoa
1510 4939 1643 5018 adapert-

67 5029 187 5108 pingere
199 5030 311 5092 nonsit
324 5031 444 5106 servile,
461 5047 501 5090 an
515 5049 617 5091 veroa
636 5033 826 5094 contraeatis
875 5036 946 5098 dum
959 5037 1021 5098 sine
1033 5037 1193 5098 assensione
1211 5041 1302 5116 potest
1318 5034 1454 5108 inuitare,
1470 5037 1532 5091 sine
1545 5047 1641 5090 assoo-

67 5119 111 5192 sis,
132 5123 216 5201 quod
232 5123 338 5198 sciam
363 5127 394 5182 et
416 5127 540 5183 tantum
552 5122 824 5202 reflexejudioem,
874 5126 954 5187 simae
966 5135 1062 5188 autem
1086 5124 1162 5200 dico,
1183 5132 1216 5185 ut
1235 5121 1312 5205 quod
1328 5121 1452 5202 apinam,
1470 5137 1528 5179 oon
1541 5117 1641 5199 opine-

67 5213 218 5289 probabile
231 5233 307 5284 esse,
323 5215 406 5293 quod
420 5213 548 5294 pingere
561 5215 611 5276 die
624 5215 701 5277 sesto
714 5217 828 5278 nonsit
875 5237 944 5279 mur
968 5237 1067 5279 oerum
1087 5235 1153 5289 esse,
1174 5223 1227 5277 ant
1244 5233 1296 5276 nos
1309 5211 1342 5274 id
1357 5212 1431 5274 scire
1450 5210 1641 5287 arbitremur,

68 5305 193 5366 servsse?
209 5308 249 5366 R.
272 5305 417 5367 Sufficere
436 5306 591 5384 judicium
610 5308 761 5370 reflexum
789 5309 827 5370 de
874 5327 1029 5390 operemur
1050 5317 1157 5372 tomen.
1179 5309 1219 5369 R.
1241 5304 1415 5368 Academici
1427 5301 1569 5363 dicebant
1579 5319 1644 5361 non

68 5395 275 5472 probabilitate
285 5397 394 5476 judicii
409 5398 526 5471 doeoti,
549 5399 576 5459 si
593 5399 763 5462 eliceretin.
781 5401 828 5462 Ita
876 5419 940 5462 esse
953 5421 1032 5482 opus
1043 5403 1143 5463 ullum
1157 5400 1309 5480 judicium
1331 5397 1475 5472 formare,
1497 5393 1551 5454 sed
1569 5392 1644 5452 satis

70 5486 307 5568 dooentplusimi
319 5507 391 5550 cum
405 5491 495 5552 Cant.
520 5491 550 5551 in
564 5495 592 5552 t.
613 5492 688 5552 crisi
697 5491 727 5554 cl.
745 5494 828 5554 lina
877 5512 941 5555 esse
949 5494 1010 5555 hoo
1021 5513 1124 5574 agere,
1140 5495 1179 5555 ad
1193 5492 1278 5573 quod
1298 5489 1454 5569 agendum
1476 5485 1644 5547 invitarent

71 5595 98 5640 a.
110 5581 179 5644 etr.
194 5582 299 5646 Terill.
313 5582 347 5643 in
360 5581 472 5663 Repo.
489 5585 560 5646 l.o.
575 5587 624 5646 tt.
640 5603 668 5668 q.
686 5587 715 5647 2.
727 5603 759 5647 n.
777 5588 824 5647 19.
877 5603 995 5664 sensus,
1016 5588 1066 5648 vel
1084 5585 1203 5665 objecta
1221 5583 1318 5646 menti
1338 5581 1505 5665 proposita,
1532 5583 1563 5638 et
1584 5577 1642 5638 h0t
