4200 6348
335 391 355 450 6

336 552 500 636 quantum
527 552 625 616 aucta
652 541 765 624 luerit,
788 548 888 632 atquo
916 539 1079 610 illustrata
1096 537 1233 610 moralis
1271 537 1444 630 theologia
1479 537 1666 632 disciplina.
1701 537 1806 612 Porro
1833 537 1915 610 inter

336 668 441 740 libros
465 667 642 758 exquibus
663 665 768 736 multa
787 665 821 734 in
842 684 914 734 reru
937 671 1087 733 nostram
1111 661 1354 752 decerpsimus
1378 662 1567 734 monendus
1587 681 1636 742 es,
1652 661 1771 746 lector,
1794 663 1913 753 princi·

337 813 415 885 pem
446 790 558 862 locum
579 789 713 861 dedisse
732 809 786 859 me
812 789 960 878 quinque
979 786 1044 856 illis
1059 785 1284 857 selectissimae
1304 786 1547 857 Ecclesiasticus
1574 786 1775 857 eruditionis
1790 805 1917 878 promp-

337 915 467 998 tuariis,
504 923 624 996 tomos,
665 914 815 1004 inquam,
838 912 987 1002 quinque
1025 911 1297 981 Constantianam
1342 911 1612 1004 (Notificoziont')
1656 931 1738 1004 quas
1777 911 1917 1002 Prosper

336 1039 525 1110 Cardinalis
537 1037 772 1107 Lambertinus
793 1035 1015 1105 Bononiensis
1030 1033 1303 1126 archiepiscopus
1318 1043 1395 1106 ante
1411 1034 1531 1118 emisit,
1550 1055 1652 1126 quam
1663 1034 1705 1104 ad
1724 1055 1917 1126 supremum

337 1162 541 1253 apostolatus
560 1161 702 1251 apicem,
725 1159 881 1230 universe
909 1158 1089 1248 plaudente
1114 1158 1275 1242 Ecclesia,
1299 1181 1337 1231 ac
1365 1160 1520 1231 litteralis
1537 1161 1722 1251 praesertim
1736 1160 1816 1231 viris
1836 1163 1919 1232 mira

336 1286 449 1355 laetitia
468 1283 625 1374 perfusis,
644 1281 853 1353 eveheretur.
875 1281 1036 1372 Ejusdem
1056 1301 1190 1372 quoque
1211 1281 1395 1353 doctissimi
1416 1285 1585 1374 pontificis
1605 1285 1709 1357 libros
1722 1289 1760 1358 do
1779 1285 1916 1378 Syaodo,

335 1413 433 1504 deque
461 1411 630 1504 Sacrificio
648 1413 758 1483 Misso
772 1412 806 1481 in
834 1411 896 1482 hae
915 1412 1095 1482 novissima
1119 1411 1266 1482 editione
1285 1412 1529 1494 consuluimus,
1552 1421 1652 1504 atque
1676 1433 1715 1484 ex
1734 1412 1799 1484 illis
1818 1411 1920 1484 multa

336 1534 369 1603 in
385 1554 458 1604 reru
477 1543 626 1605 nostram
642 1534 925 1625 deprompsimus
943 1534 1033 1606 Nihil
1054 1534 1329 1624 prolectoutilius
1345 1533 1711 1630 (verbcabsitinvidia)
1733 1537 1918 1626 excogitare

335 1679 397 1729 nos
417 1659 578 1748 potuisse,
597 1678 663 1749 quo
684 1658 872 1730 absolutam
892 1661 1166 1752 ornatioremque
1185 1659 1400 1751 Theologiam
1420 1662 1506 1735 hanc
1530 1663 1762 1746 redderemus,
1782 1663 1920 1735 sortasse

336 1781 531 1852 adfirmahis
547 1790 579 1852 et
600 1791 648 1866 tu,
675 1783 703 1852 si
723 1782 765 1851 ad
786 1803 860 1853 eam
888 1784 1125 1874 perlegendam
1148 1805 1243 1876 aequo
1264 1787 1377 1857 animo
1400 1789 1591 1859 accesseris.
1607 1787 1692 1874 Quid
1714 1807 1793 1860 veru
1816 1808 1921 1860 causa

335 1903 447 1987 luerit,
484 1925 544 1975 cur
565 1904 777 1986 Qttosttooom
806 1907 940 1978 Footia
968 1907 1003 1977 P.
1024 1908 1194 1998 Stephano
1218 1909 1260 1980 de
1285 1910 1431 2002 Champs
1452 1911 1577 1983 editam
1596 1913 1719 1984 iterum
1756 1912 1812 1983 hic
1838 1912 1921 2004 typis

336 2028 476 2118 exprimi
505 2028 747 2110 curaverimus,
778 2030 887 2101 disces
919 2052 959 2102 en
996 2029 1158 2120 peculiari
1192 2032 1233 2102 ad
1261 2033 1369 2124 ipsam
1398 2035 1638 2125 praelationem.
1666 2037 1802 2108 Utinam
1827 2035 1923 2107 cedat

334 2151 389 2223 hic
407 2150 504 2221 labor
523 2150 565 2220 ad
587 2152 647 2222 Dei
663 2153 780 2242 optimi
797 2156 933 2226 maximi
954 2157 1107 2250 gloriam,
1130 2177 1168 2230 ac
1187 2157 1416 2230 studiosorum
1430 2160 1620 2232 utilitatem.
1636 2159 1729 2234 Vale.
