3992 6344
655 425 810 487 RITUUM
831 425 1118 489 RESPONSIONES
1622 419 1681 480 0¹15

97 585 125 640 et
147 585 335 664 approbatis,
360 595 501 652 cantatur
525 592 652 652 Tantum
678 610 765 671 erpo·
791 593 863 654 dein
954 594 991 653 In
1001 594 1147 672 exequiis,
1162 594 1287 676 quando
1301 599 1443 655 cantatur
1462 589 1682 664 invitatorium,

99 675 214 736 unicum
229 681 416 744 versiculum
430 684 554 762 Panem,
571 703 664 764 quem
685 685 862 747 immediate
914 686 1133 765 genuflectitur
1156 688 1195 747 od
1223 686 1334 747 verba:
1364 687 1473 760 Venite,
1496 681 1645 742 odoremus
1658 688 1685 742 et

96 767 232 846 sequitur
250 771 328 833 Deus
354 781 408 856 qoi
422 775 512 846 nodis,
540 796 611 838 cum
634 779 775 838 breviore
788 798 861 839 oon·
912 778 1097 860 procidamus
1116 787 1183 840 onie
1197 779 1303 840 Dcom.
1328 779 1375 840 Ao
1398 776 1625 842 ahsolutionem
1652 773 1685 833 in

97 859 242 924 clusionc.
257 866 438 929 Incensoiuc
451 874 478 930 d.
488 889 586 949 quum
600 876 728 950 apparot
742 873 861 950 cxposi·
915 870 1055 929 oratione
1069 889 1125 928 noo
1141 869 1245 943 inires,
1261 887 1383 948 sempor
1406 873 1435 928 ot
1458 867 1491 926 in
1518 864 1602 925 omni
1614 882 1684 923 casu

96 954 222 1015 tumSS.
235 959 481 1038 Sacramentum
491 963 640 1024 2.vcrhis:
651 962 794 1037 (incisori,
803 969 858 1026 etc.
914 962 1028 1022 dicitnr
1048 979 1201 1022 coocsccoo
1217 969 1284 1022 ico.
1302 963 1336 1021 31
1355 979 1426 1040 aug.
1445 961 1530 1019 1697.
1547 959 1584 1018 In
1597 957 1685 1018 obso-

132 1045 172 1106 Io
186 1046 371 1114 benedicendo
377 1055 522 1136 populum
531 1075 596 1116 cum
610 1055 672 1118 SS.
689 1055 775 1118 Socr.
792 1057 863 1118 ceic-
915 1054 1051 1128 lutionoi
1082 1054 1205 1114 additur
1227 1055 1266 1115 od
1287 1053 1399 1114 finem:
1423 1052 1529 1112 ocimo
1556 1051 1618 1131 ejus
1644 1069 1686 1110 ou

97 1138 183 1199 drocis
209 1140 290 1202 nihii
310 1143 416 1218 dicere,
450 1155 581 1209 cantores
604 1155 630 1208 et
658 1148 762 1208 musici
785 1148 864 1210 iiiiii
916 1151 1025 1208 ocimoe
1059 1166 1158 1206 cocum
1188 1154 1216 1207 ct
1246 1147 1355 1207 ocimo
1386 1145 1514 1205 omnium
1552 1142 1685 1224 fidolium

96 1249 207 1312 quoquc
226 1252 330 1297 cocere
337 1236 488 1300 debono...
507 1239 536 1320 (9
549 1241 608 1301 seb.
627 1243 716 1301 1762.
916 1239 1131 1319 defunctorum,
1148 1246 1205 1300 elo.
1232 1237 1281 1321 (98
1290 1239 1349 1318 jul.
1367 1237 1468 1318 1832),
1488 1237 1548 1297 nisi
1562 1236 1616 1296 fiat
1629 1253 1686 1316 pro

135 1325 172 1384 In
198 1330 407 1408 expositione,
424 1351 495 1411 quae
516 1334 584 1394 ficri
611 1334 719 1412 nequit
744 1333 803 1392 nisi
827 1333 865 1394 do
916 1333 1235 1394 omnihusdcsunoiis.

97 1418 246 1480 ordinarii
267 1439 429 1500 consensu,
453 1427 561 1505 nequit
583 1425 754 1486 illuminari
767 1426 866 1486 hostia
957 1427 1049 1486 Pueri
1072 1427 1125 1506 qui
1149 1427 1322 1486 inserviunt
1353 1432 1389 1484 ut
1421 1423 1537 1498 clerici,
1566 1428 1688 1502 gestant

96 1528 114 1570 a
141 1517 228 1589 porte
253 1515 368 1593 postico
395 1519 567 1578 ostensorii.
585 1517 630 1596 (31
656 1535 739 1578 mors
763 1516 862 1598 1821).
918 1527 1020 1579 cesicm
1040 1519 1177 1590 colorem,
1197 1519 1307 1578 coloris
1320 1519 1413 1597 nigri,
1432 1517 1482 1577 vel
1495 1515 1599 1591 rubri;
1616 1534 1686 1576 oum

95 1602 134 1661 In
169 1607 356 1684 pauperibus
390 1610 528 1670 Ecclesiis
566 1611 674 1671 saltem
705 1609 867 1670 duodecim
916 1612 1123 1693 superpelliceo
1138 1631 1192 1672 scu
1206 1619 1295 1686 cotto,
1308 1617 1339 1671 ot
1358 1611 1383 1670 si
1397 1610 1482 1680 velis,
1495 1608 1686 1669 cumbirctio

99 1695 179 1755 cerei
191 1699 298 1760 ardere
311 1702 469 1764 deberent.
917 1705 1003 1785 cipro
1017 1724 1087 1765 cum
1098 1705 1195 1765 trihus
1209 1704 1356 1784 apicibus.

137 1788 246 1850 Oleum
263 1793 462 1856 infirmorum
480 1796 514 1856 in
528 1797 646 1858 aedibus
659 1796 789 1857 Pocochi
803 1814 866 1855 scr·
959 1801 1007 1858 An
1028 1798 1169 1878 Episcopi
1187 1798 1304 1878 possint
1322 1815 1386 1857 csso
1400 1795 1520 1874 judicos
1539 1794 1686 1854 oddecla-

97 1879 162 1939 voci
174 1885 292 1962 nequit,
309 1896 425 1966 eccepto
448 1893 544 1948 iomco
556 1907 622 1950 coco
637 1887 868 1968 mopoaeciision-
922 1891 1019 1951 conda
1036 1890 1131 1950 dnbio
1153 1910 1245 1970 sopor
1255 1891 1348 1950 soccis
1368 1889 1479 1948 ritihus
1495 1895 1525 1948 ct
1542 1905 1688 1948 caercmo·

98 1971 151 2034 iioe
164 1973 203 2034 ob
216 1975 366 2054 Ecclesia,
383 1999 440 2060 quo
454 1981 486 2040 io
512 2000 581 2040 coso
597 1981 714 2040 omnino
740 1989 868 2041 servetur
926 1983 986 2042 niis
1008 1982 1136 2042 onorio?
1152 1981 1304 2064 Nepotioc.
1319 1985 1349 2042 ii
1366 1981 1436 2059 jun.
1455 1983 1542 2042 1605,

97 2067 188 2126 etiom
200 2066 418 2132 domiliodrico
431 2073 527 2154 quood
534 2073 679 2134 ioucstom
689 2083 714 2135 ei
724 2072 866 2134 deccnom
962 2076 1110 2142 Qoaedom
1137 2076 1221 2150 alin,
1249 2075 1350 2152 operis
1370 2076 1512 2152 decurso
1537 2093 1593 2153 pro
1618 2073 1689 2134 doto

97 2164 248 2240 totamque
260 2165 432 2226 custodiam.
452 2165 500 2246 (16
514 2167 582 2226 deo.
600 2165 700 2247 1828.)
713 2167 751 2225 In
769 2167 867 2246 preci-
921 2168 1089 2229 afferentur
1103 2169 1261 2230 occasione
1278 2165 1319 2248 (E
1320 2166 1387 2247 dii.)

98 2250 157 2310 bus
172 2270 243 2330 quae
266 2257 444 2320 Extremam
467 2260 643 2321 unctionem
668 2259 865 2328 comitantur,

96 2343 238 2406 faciendo
251 2355 296 2408 ost
309 2351 436 2412 variatio
449 2371 506 2431 pro
521 2371 596 2412 sexu
608 2352 796 2413 moribundi.
