4200 6348
617 413 667 472 DE
686 411 793 473 LOCIS
814 411 982 474 blllltALlS
1003 412 1244 474 'l'liEOLOlilAE.
1688 414 1725 473 77

201 577 236 640 lte
244 597 318 660 pean
335 569 534 641 decedentium
555 597 621 640 eum
634 579 693 642 solo
707 580 866 662 oripiaoli,

407 708 460 792 (De
474 710 592 792 Bapt.§
606 709 647 791 3.)

468 841 574 902 XXVI.

194 955 239 1016 aa.
264 957 414 1028 Doctrina,
435 975 505 1038 quae
522 957 608 1018 velut
625 956 764 1018 tabulam
792 957 908 1036 Pelagi-

155 1065 241 1108 anam
252 1049 383 1128 explodit
395 1049 498 1110 locum
511 1050 601 1110 illum
616 1049 784 1110 interorum
805 1049 908 1130 (qrrem

155 1139 237 1201 limbi
249 1159 412 1222 puerorum
426 1143 553 1203 nomine
568 1143 673 1203 fideles
690 1143 803 1222 passim
834 1142 910 1203 desi-

153 1231 263 1314 gnant),
278 1235 309 1295 in
323 1254 385 1314 quo
399 1236 511 1298 animae
529 1236 742 1298 decedentium
756 1253 826 1296 cum
844 1235 910 1296 sola

155 1327 287 1407 originali
308 1328 399 1409 culpa
424 1347 517 1410 poena
544 1329 651 1390 damni
683 1329 758 1390 citra
785 1345 910 1409 poenam

154 1419 409 1499 ignispnniantur.
604 1487 609 1496 ,

192 1513 313 1574 Perinde
333 1532 368 1574 ac
388 1514 414 1575 si
436 1515 495 1576 hoc
518 1515 585 1595 ipso
603 1515 687 1595 quod
705 1515 759 1594 qni
786 1531 911 1594 poenam

155 1603 228 1684 ignis
244 1612 412 1683 removent,
438 1607 622 1668 inducerent
643 1608 746 1668 locum
764 1607 862 1684 illum,
882 1611 913 1666 et

156 1703 258 1759 stabsm
270 1699 408 1760 medium
417 1705 575 1778 expertem
589 1700 687 1780 cnlpae
705 1705 735 1760 et
748 1717 848 1779 poenac
862 1699 910 1760 iu·

155 1793 197 1851 ter
212 1811 339 1871 regnum
367 1793 422 1853 Dei
444 1799 475 1853 et
497 1794 728 1854 damnationem
750 1799 907 1861 aeternam,

158 1883 268 1963 qualem
280 1884 460 1946 fabulantur
473 1886 642 1965 Pelagiani.

208 1998 302 2078 Falsa,
326 2002 491 2077 tannarie,
516 2003 549 2063 in
566 2001 677 2064 sebalas
696 2001 854 2065 carnaticos

449 2095 606 2176 injuriosa.

82 2278 83 2287 ,
159 2209 196 2274 De
215 2213 406 2289 tenementis,
435 2232 469 2276 ae
489 2214 625 2294 primum
649 2211 684 2275 de
703 2213 803 2293 forma
821 2231 915 2274 sana·

82 2305 83 2310 ’
193 2305 308 2367 mentali
321 2325 387 2368 eum
401 2304 541 2387 adarna
555 2305 724 2368 conditione.
750 2304 803 2388 (De
825 2307 911 2385 Bupt.

193 2394 277 2478 ω’)
472 2479 593 2543 xxvn.

92 2576 95 2610 ’
198 2595 241 2655 tt.
285 2596 470 2658 Deliberabo
512 2597 634 2677 synodi,
669 2617 731 2677 qua
763 2604 915 2677 praetextu

167 2687 331 2750 adhesionis
358 2691 398 2750 ad
425 2690 569 2769 antiquos
596 2709 729 2752 canones
752 2691 786 2751 in
810 2709 915 2752 casum

170 2779 436 2862 dubiibaptismatis
454 2785 647 2862 propositum
667 2801 760 2844 suum
779 2784 915 2845 declarat

103 2879 106 2925 t
171 2870 200 2932 de
211 2875 368 2936 omittenda
387 2874 494 2936 lormae
511 2875 726 2936 conditionalis
743 2878 913 2950 mentione,

174 2986 329 3065 larnaria,
352 2991 455 3072 proni,
479 2991 552 3073 lepi,
579 2992 753 3054 auctoritati
777 2991 916 3055 Ecclesia

450 3086 613 3146 emttraria.

105 3255 106 3260 η
174 3183 431 3270 &participatione
449 3189 577 3252 uictimae
595 3190 628 3250 in
640 3190 783 3272 sacrificio
804 3191 913 3260 Missae,

410 3294 462 3378 (lle
473 3297 568 3357 Euch.
584 3295 656 3379 ἓθ.)

462 3415 597 3476 XXVIII.

203 3516 245 3576 28.
270 3517 438 3598 Propositio
466 3520 587 3599 synodi,
602 3538 664 3600 qrra
679 3525 842 3600 postquam
856 3528 917 3583 sta-

172 3609 219 3668 tuit
231 3610 352 3672 uietimee
364 3612 625 3692 participationem
639 3622 814 3694 essepartem
827 3614 919 3675 saeri-

91 3668 96 3756 l
170 3697 225 3779 ficio
236 3705 422 3778 essentialem,
437 3706 597 3784 subjungit
617 3723 673 3766 aon
689 3713 786 3768 tamen
798 3725 826 3768 se
839 3706 920 3768 dam-

76 3757 94 4041 l

74 4046 79 4102 l

53 4102 94 4455 l

88 5132 95 5231 l

170 3809 229 3856 aare
238 3805 270 3856 ut
278 3797 406 3859 illicitas
413 3797 445 3859 ll
449 3798 519 3860 isses
529 3798 610 3874 illas,
623 3798 653 3858 in
664 3799 769 3880 quibas
776 3798 920 3860 adstantes

167 3891 398 3953 ramanentaliter
411 3911 469 3952 non
482 3891 706 3968 commanieant,
721 3890 782 3954 idea
790 3893 862 3973 quia
872 3891 923 3952 isti

165 3981 333 4064 participant
348 3983 414 4046 lieet
426 3985 522 4044 minsas
528 3985 653 4065 perfecte
662 3982 696 4044 de
710 3984 773 4066 ipsa
786 3985 916 4063 uictima,

167 4072 261 4151 spirata
276 4076 363 4138 illam
377 4075 557 4158 reeipiend03

200 4169 348 4240 Quatenus
366 4170 503 4231 insinuat
529 4170 569 4230 ad
596 4169 735 4232 sacrificii
757 4171 921 4232 ementium

167 4257 257 4323 deesse
271 4263 385 4344 aliquid
397 4263 428 4324 in
443 4282 480 4324 co
489 4263 650 4338 sacrificio,
659 4263 743 4342 quod
757 4269 922 4342 peragatur

168 4352 220 4414 sire
237 4355 319 4416 nubo
337 4358 488 4422 adstante.
510 4356 573 4416 sive
587 4356 779 4416 adstantibus
798 4357 851 4435 qrri
865 4375 922 4418 nec

168 4448 424 4525 sacramentaliter,
445 4467 503 4509 nec
526 4449 725 4528 spiritualiter
741 4449 779 4509 de
799 4449 923 4510 victima

169 4539 338 4620 participant
350 4563 357 4600 ι
369 4548 399 4602 et
408 4542 497 4620 qnasi
506 4541 690 4601 damnande
713 4547 815 4602 essent
823 4547 858 4601 ut
866 4541 923 4602 illi-

172 4627 228 4687 citn
239 4632 331 4694 blissse
338 4634 397 4694 illae
406 4635 440 4694 iu
455 4633 578 4713 quibus,
590 4633 654 4694 solo
667 4634 822 4694 sacerdote
833 4651 921 4694 com-

173 4722 344 4802 municante,
359 4745 449 4787 nemo
460 4726 539 4787 adsit
552 4727 606 4806 qui
619 4725 683 4786 sive
692 4726 921 4787 sacramentali-

175 4811 227 4886 ter,
241 4813 299 4874 sire
313 4817 505 4898 spiritualiter
514 4819 733 4895 communicet,

217 4925 310 5006 Falsa,
322 4951 446 5013 erronea,
457 4936 604 5000 debeeresi
610 4943 749 5019 suspecte,
763 4953 884 5016 carraque

480 5048 603 5110 sapiens.

271 5136 388 5202 berilus
397 5145 612 5206 cancerationis
621 5145 762 5228 efficacia.
777 5145 830 5227 [De

455 5262 546 5322 Euch.
563 5260 634 5343 §tl

491 5376 595 5440 XXIX.

202 5463 280 5560 ¹lit.
315 5472 439 5538 Doctrina
455 5484 571 5560 synodi,
600 5503 662 5564 qua
684 5489 770 5564 parte
802 5483 924 5544 nederc

201 5555 345 5623 minens
356 5565 419 5631 fidoi
427 5571 588 5638 doctrinam
602 5577 639 5639 do
648 5577 711 5638 ritu
724 5575 925 5640 consecratio-

958 579 1015 654 nis,
1041 581 1168 642 remotis
1190 579 1413 660 quaestionibus
1435 579 1620 641 scholasticis
1646 579 1727 641 cirea

957 673 1087 734 modum
1110 691 1172 752 qno
1194 673 1332 734 Christus
1355 677 1400 733 est
1422 672 1455 733 in
1483 672 1682 747 Euclraristia‚
1708 693 1727 734 a

957 767 1070 846 quibus
1092 766 1242 846 parochos
1264 765 1396 826 docendi
1416 783 1545 826 munere
1563 765 1728 845 iungentes

957 859 1110 920 abstinere
1124 859 1275 934 hortatur,
1292 858 1413 919 dnobus
1419 859 1469 919 his
1478 863 1600 919 mnium
1614 877 1728 940 propo-

957 951 1023 1012 sitis
1040 971 1047 1011 :
1065 955 1095 1012 l⁰
1111 951 1266 1011 Christum
1279 955 1350 1031 post
1367 951 1628 1011 consecrationem
1642 969 1725 1026 rere,

959 1043 1093 1119 realiter,
1118 1044 1358 1104 substantialiter
1385 1061 1449 1104 esse
1472 1044 1530 1105 snb
1544 1043 1726 1123 speciebus;

958 1137 990 1195 2·
1011 1137 1098 1197 Tunc
1118 1155 1244 1197 omnem
1271 1136 1359 1215 panis
1380 1140 1410 1196 et
1433 1136 1499 1196 vini
1525 1137 1729 1197 substantiam

959 1247 1076 1290 cessare
1098 1229 1169 1288 solis
1194 1229 1425 1289 remanentibus
1444 1229 1618 1308 speciebus,
1644 1247 1730 1308 pror-

959 1338 1011 1380 sus
1039 1321 1152 1380 omitt't
1178 1321 1276 1382 ullam
1294 1321 1486 1382 mentionem
1509 1321 1608 1382 lacere
1631 1327 1729 1382 trans-

960 1412 1234 1490 substantiationis,
1251 1432 1305 1473 seu
1317 1413 1523 1474 conversionis
1539 1413 1634 1473 totius
1656 1415 1728 1474 snb·

961 1506 1079 1567 stantiae
1094 1507 1182 1586 panis
1195 1506 1230 1566 in
1245 1524 1367 1586 empne,
1388 1511 1419 1566 et
1437 1506 1533 1567 totins
1551 1505 1729 1568 substantia

961 1599 1025 1659 riui
1053 1599 1086 1659 in
1114 1599 1308 1677 sanguinem,
1336 1617 1429 1678 quam
1457 1598 1542 1659 velut
1565 1599 1730 1661 articulum

961 1691 1031 1752 fidei
1068 1692 1284 1751 Tridentinnm
1318 1690 1483 1752 concilium
1518 1691 1668 1766 definivit,
1700 1698 1731 1755 et

962 1802 1031 1863 qum
1044 1784 1076 1844 in
1086 1783 1217 1845 solemni
1225 1783 1491 1864 fldeiprolessione
1504 1784 1695 1862 eontinotnr;

1003 1878 1160 1951 Quatenus
1178 1895 1234 1956 per
1251 1877 1456 1938 inconsultam
1483 1877 1655 1938 istiusmodi
1667 1897 1732 1938 sus-

963 1969 1170 2048 piciosumque
1184 1969 1382 2029 omissionem
1402 1968 1513 2029 notitia
1538 1969 1732 2031 subtrahitur

962 2067 1031 2122 tum
1047 2060 1168 2122 artienli
1183 2061 1222 2122 ad
1237 2061 1330 2121 tidem
1344 2061 1537 2139 pertinentis,
1556 2063 1732 2123 tumeliam

963 2155 1046 2214 vocis
1055 2155 1094 2215 ab
1105 2154 1237 2214 Ecclesia
1245 2158 1428 2214 consecratae
1440 2153 1478 2214 ad
1488 2153 1569 2214 illius
1580 2155 1732 2215 tuendam

963 2246 1732 2326 professionemadversushaereses,tenditqueideo

964 2340 1003 2400 ad
1017 2340 1083 2418 ejus
1097 2339 1286 2400 obhviouem
1300 2339 1517 2416 inducendam,
1529 2340 1618 2418 quasi
1629 2359 1733 2419 agere-

964 2437 1015 2492 tur
1026 2433 1064 2492 de
1074 2433 1243 2512 quaestione
1257 2450 1343 2494 mere
1357 2431 1546 2508 scholastica,

965 2562 1149 2640 Perniciosa,
1172 2561 1313 2643 deropcns
1329 2561 1509 2643 expositioni
1533 2563 1662 2626 ueritatis
1684 2584 1732 2625 ca-

1006 2653 1121 2716 tltalieee
1144 2655 1221 2715 eirea
1248 2653 1353 2735 doprna
1389 2653 1732 2734 transsubstantiatione,

1005 2747 1107 2827 fauens
1121 2747 1274 2808 haereticis.

1078 2862 1122 2925 He
1135 2864 1331 2946 applicatione
1342 2864 1457 2944 fruetus
1466 2865 1623 2948 sacrificii.

1234 2980 1287 3064 (De
1301 2982 1395 3044 Euch.
1411 2983 1429 3062 g
1443 2981 1484 3064 3.)

1309 3125 1390 3186 ΧΧΧ

1006 3253 1023 3334 ᾗ
1038 3255 1087 3315 30.
1105 3253 1250 3314 Doctrina
1268 3255 1390 3334 synodi,
1409 3257 1557 3335 quadum
1573 3261 1736 3337 profitetur

966 3345 1081 3408 eredere
1099 3344 1243 3426 sacrificii
1268 3345 1441 3408 oblationem
1469 3349 1623 3412 estendere
1648 3371 1676 3413 se
1698 3351 1737 3414 ad

967 3459 1073 3512 omnes,
1105 3439 1147 3499 ita
1170 3447 1266 3500 tamen
1292 3447 1326 3499 ut
1348 3441 1378 3500 in
1401 3440 1527 3524 liturpia
1557 3442 1629 3525 pieri
1644 3447 1736 3526 possit

966 3531 1101 3614 specialis
1114 3532 1346 3593 eoramemonotia
1356 3533 1526 3614 aliquorum
1534 3543 1593 3596 tarn
1604 3541 1735 3600 uiuorum

968 3643 1056 3706 quom
1066 3623 1282 3705 defunctorum,
1290 3624 1438 3706 precando
1446 3625 1537 3687 lleum
1543 3629 1737 3709 peculiariter

967 3737 1023 3799 pro
1036 3717 1125 3798 ipsis,⁸
1138 3717 1211 3777 dein
1225 3717 1371 3777 continno
1393 3719 1513 3797 subjicit
1530 3740 1536 3780 :
1558 3719 1626 3781 Noa
1641 3728 1737 3784 tamen

968 3809 1049 3892 quad
1060 3809 1211 3871 ereelarnns
1226 3809 1258 3870 in
1269 3809 1400 3870 arbitrio
1410 3812 1629 3874 essesaeerdotis
1642 3813 1739 3895 appli-

969 3923 1033 3964 care
1046 3900 1314 3984 sructussaem'fieii
1326 3903 1376 3962 eui
1391 3903 1466 3980 nult,
1488 3904 1543 3964 ima
1566 3905 1738 3968 damnemus

970 3995 1048 4057 bane
1060 4015 1189 4057 errarem
1200 3994 1277 4055 uelat
1286 4013 1460 4078 aaaprnpere
1470 3996 1738 4081 offendentempura

972 4090 1028 4150 Dei
1048 4089 1102 4171 qni
1124 4087 1199 4152 solas
1222 4087 1374 4148 distribuit
1394 4089 1509 4165 fruetus
1527 4091 1671 4173 sacrificii
1690 4093 1739 4154 eui

971 4182 1047 4258 unilt,
1067 4189 1096 4242 et
1109 4181 1265 4242 secundnm
1285 4200 1448 4242 anensnram
1467 4201 1533 4262 paee
1547 4183 1607 4264 ipsi
1616 4185 1713 4265 placet
1730 4205 1737 4247 :

971 4275 1053 4336 arride
1081 4278 1112 4334 et
1132 4279 1354 4352 consequenter
1373 4274 1509 4334 traducit
1531 4276 1610 4336 velut
1632 4277 1737 4357 falsam

972 4367 1140 4449 opim'onem
1155 4365 1296 4426 inuectam
1316 4366 1347 4426 in
1361 4367 1514 4448 papalum,
1537 4367 1614 4448 quod
1626 4369 1674 4430 illi
1688 4370 1743 4452 pai

971 4461 1174 4540 eleemosynam
1188 4459 1415 4519 subministrant
1428 4460 1626 4522 sacerdotisub
1639 4463 1739 4524 eondi-

974 4553 1051 4614 tioae
1075 4551 1153 4634 qnod
1173 4551 1292 4612 celebret
1317 4571 1404 4613 ianam
1429 4553 1558 4628 illesam,
1586 4555 1741 4636 specialem

972 4646 1105 4726 fructum
1114 4665 1152 4705 en
1165 4663 1198 4705 ea
1207 4645 1395 4726 percipiebam

1015 4738 1240 4815 Sicintellecta,
1259 4743 1295 4799 ut
1320 4744 1433 4818 practer
1453 4741 1639 4820 peculiarem
1661 4761 1743 4806 cam·

974 4831 1231 4892 memorationem
1252 4837 1283 4892 et
1306 4831 1478 4892 orationem
1506 4836 1646 4914 specialis
1678 4835 1743 4917 ipsa

974 4925 1099 4998 oblatio,
1129 4941 1184 4984 seu
1207 4923 1370 5003 applicatio
1393 4926 1541 5004 sacrilscii
1571 4947 1640 5006 quae
1666 4929 1744 4991 fita

974 5017 1141 5088 sacerdote,
1158 5035 1223 5076 non
1236 5016 1334 5095 magis
1348 5019 1454 5096 prosit,
1475 5020 1593 5080 ecaeteris
1603 5021 1740 5100 paribus,

974 5111 1035 5170 illis
1050 5108 1163 5188 quibus
1176 5109 1460 5189 applicatur,quam
1471 5111 1539 5172 aliis
1552 5111 1741 5192 quibusque3

975 5202 1063 5282 qnasi
1084 5201 1188 5262 nullam
1211 5201 1348 5281 specialis
1371 5202 1488 5262 tructus
1507 5205 1683 5283 proveniret
1705 5225 1744 5266 ex

975 5295 1097 5376 speciali
1110 5283 1324 5375 applicatione,
1340 5311 1434 5372 quam
1457 5313 1513 5375 pro
1532 5296 1744 5359 determinatis

975 5389 1394 5470 personis,autpcrsonarnm
1403 5387 1563 5447 ordinibus
1572 5387 1744 5450 faciendam

974 5479 1171 5543 commendat
1185 5497 1220 5538 ac
1232 5478 1370 5558 praecipit
1388 5478 1531 5552 Ecclesia,
1554 5480 1711 5559 speciatim
1725 5501 1745 5542 a

976 5571 1148 5654 pastoribus
1176 5588 1232 5649 pro
1258 5570 1322 5631 suis
1346 5569 1455 5633 ovibus
1462 5589 1470 5644 3
1497 5572 1580 5648 quod
1602 5572 1687 5634 velut
1704 5592 1742 5636 cx
