3938 6338
497 428 548 489 DE
567 427 672 489 LOCIS
693 427 861 490 uouuuis
881 429 1122 494 THEOLOGIAE.

83 594 203 658 XCVIII.
218 592 465 674 Harnopenianus
485 592 562 656 libro
575 594 660 655 tutio
666 593 751 674 juris

296 685 329 747 E
327 685 505 766 pdocuarum

82 783 117 844 u
141 778 197 842 solu
229 777 451 859 deportationis
491 779 641 840 sententia
677 779 788 854 auiam,

51 893 108 955 que
123 873 157 933 ad
168 871 273 932 fiscum
293 871 486 950 perveniunt.

51 967 144 1030 xcix.
158 962 234 1024 Idan
250 962 328 1024 libro
342 967 451 1043 quarto
464 962 550 1024 luris
564 962 596 1025 E
595 962 787 1044 pilomarum.

82 1057 190 1133 Quoties
215 1056 250 1115 in
285 1054 446 1133 utriusque
465 1073 572 1116 caussa
606 1055 684 1116 lucri
711 1055 789 1115 ratio

47 1153 164 1226 uertitur,
177 1148 201 1209 is
213 1145 423 1226 praeferendus
437 1151 493 1224 est,
515 1149 604 1227 cujus
621 1147 655 1208 in
667 1147 789 1208 lucrum

46 1261 135 1307 caussa
147 1247 281 1320 tempore
291 1239 447 1320 praeeedit.

92 1338 122 1397 C.
143 1331 294 1413 l'cnulejus
312 1331 386 1394 libro
406 1329 573 1393 duodecimo
590 1328 729 1412 Sapala-

331 1425 454 1486 tionum.

73 1524 132 1584 Non
157 1526 256 1602 potest
274 1518 435 1598 improbus
456 1516 567 1593 videri,
591 1515 646 1596 qui
668 1517 789 1592 ignorat

43 1620 170 1695 1111111111]
183 1613 302 1674 soluere
316 1610 436 1670 debeat.

122 1707 169 1767 CI.
187 1703 277 1785 Cujus
291 1702 366 1764 libro
378 1701 477 1782 primo
489 1699 687 1781 Papularum.

74 1798 170 1859 OmuIa
190 1815 261 1877 quie
279 1795 350 1875 jure
375 1793 611 1870 contrabuntur,
635 1791 788 1854 conuario

38 1891 94 1968 jure
105 1897 241 1970 pereunt.

43 1985 95 2044 CII.
108 1981 229 2044 Paullus
242 1980 319 2042 libro
333 1977 486 2058 sinqulari
499 1976 535 2038 de
551 1974 787 2058 Copniliouibus.

72 2075 122 2136 Ubi
142 2076 192 2136 lex
220 2074 358 2135 duorum
383 2069 539 2132 mensium
561 2068 633 2130 fecit
658 2069 789 2129 mentio-

40 2185 108 2242 nem,
122 2167 214 2246 etqui
238 2165 395 2244 sexagimo
415 2168 447 2224 et
469 2163 570 2242 primo
593 2161 642 2221 die
656 2161 786 2236 venerit,

40 2260 264 2321 audiendusest:
285 2258 328 2319 ite
346 2256 431 2318 enim
454 2260 485 2314 et
506 2255 680 2333 Imperator
693 2254 789 2313 Auto-

40 2353 168 2414 uiuscum
181 2353 259 2413 Divo
271 2351 360 2411 Patre
374 2367 431 2410 suo
442 2345 606 2426 rescripsit.

71 2447 142 2506 CIII.
165 2444 313 2526 Ulpiana
333 2441 414 2502 ltdro
426 2439 525 2520 primo
536 2436 575 2499 ad
587 2436 743 2499 Ellelum.

71 2538 121 2604 Qui
136 2542 259 2599 uetante
299 2535 434 2596 Praetorc
463 2529 545 2604 tecit,
570 2530 621 2591 hic
643 2531 788 2592 aduersus

38 2631 159 2692 Edictum
182 2629 290 2690 secuse
316 2624 442 2706 proprie
464 2623 576 2685 dicitur
601 2626 631 2683 1.
651 2621 723 2700 Ejus
743 2629 789 2684 est

38 2723 169 2784 actiomm
180 2721 346 2799 denegare,
362 2716 417 2796 qui
437 2715 532 2795 possit
544 2719 574 2775 et
587 2715 672 2774 dare.

85 2815 155 2876 CIV.
172 2810 302 2875 Paullus
316 2808 390 2872 libro
402 2807 501 2889 primo
515 2805 556 2867 ad
571 2805 725 2867 Edictum.

68 2907 154 2968 Nemo
167 2907 206 2967 de
217 2904 311 2965 domo
320 2920 376 2963 sua
390 2899 510 2962 extrahi
524 2898 626 2959 debet.

67 3000 122 3059 CV.
148 2997 298 3079 Ulpianus
316 2993 394 3055 lidro
404 2989 526 3053 secundo
539 2989 579 3052 ad
592 2988 746 3066 Edictum.

68 3091 97 3151 Si
104 3091 135 3152 in
143 3089 265 3151 duabus
276 3085 451 3146 actionibus
460 3083 531 3144 abbi
543 3099 666 3142 summe
674 3083 785 3162 major,

36 3183 299 3257 uuintoniam,
316 3175 524 3258 preponenda
534 3181 580 3234 est
593 3192 699 3235 mulsea
713 3175 789 3235 exis

34 3275 199 3336 ductionis.
216 3271 276 3334 Ubi
290 3278 396 3331 aunem
419 3267 650 3347 aequripareutur
671 3267 789 3328 famosa

31 3366 139 3444 judicia,
159 3365 219 3428 etsi
234 3380 392 3425 summam
410 3361 563 3439 imparem
583 3359 710 3434 habent,
730 3377 787 3439 pro

33 3459 142 3538 paribus
156 3455 334 3537 achpienda
347 3458 429 3514 sunt.

81 3552 152 3612 CVI.
169 3547 299 3612 Paullus
319 3544 393 3606 lilco
405 3544 504 3625 primo
518 3540 557 3604 ud
567 3541 725 3604 Edictum.

65 3643 253 3722 Ubicumque
269 3655 383 3700 massae
394 3635 529 3716 cognitio
542 3637 598 3711 est,
612 3634 656 3695 ibi
670 3635 787 3696 Praetor

34 3734 221 3796 desideratur.

84 3828 174 3888 CVII.
192 3824 275 3888 Idem
291 3821 368 3884 libro
382 3817 503 3882 secundo
519 3816 559 3880 ad
572 3817 725 3880 Edictum.

64 3919 199 3980 Libertas
214 3912 438 3978 inestimabilis
451 3915 566 3972 rescat.

81 4011 185 4074 CVIII.
204 4007 297 4090 Cujus
314 4004 390 4067 libro
408 4003 510 4085 primo
532 4000 571 4064 ool
587 4000 727 4065 Edictum

307 4093 507 4158 Prouineiole.

65 4194 137 4256 Cum
146 4210 235 4256 seruo
246 4189 333 4252 nulla
346 4189 425 4250 actio
440 4193 496 4248 est.

80 4287 155 4346 CIX.
172 4282 302 4346 Paullus
316 4280 508 4361 libroquarto
518 4275 558 4338 od
569 4275 725 4339 Edictum.

63 4377 134 4439 Fere
167 4378 202 4438 in
228 4373 373 4436 omnibus
399 4370 573 4452 poenalibus
596 4367 729 4447 judiciis,
758 4373 788 4428 et

30 4470 112 4546 aaa,
126 4476 158 4530 et
170 4465 389 4548 imprudentior
403 4462 602 4524 succurritur.

104 4561 167 4621 CX.
186 4559 263 4621 Idem
279 4556 357 4619 libro
369 4555 474 4637 quinto
489 4552 529 4614 ad
542 4551 699 4615 Edictum.

62 4653 187 4714 Nullum
206 4652 324 4712 crimen
338 4649 454 4729 patitur
468 4647 505 4720 is,
518 4645 573 4726 qui
597 4663 661 4705 nou
682 4641 788 4723 probi·

30 4739 83 4820 bet,
98 4761 168 4804 cum
182 4743 346 4824 prohibere
367 4745 477 4820 potest.

108 4837 189 4898 CXI.
202 4833 285 4897 Idem
297 4831 375 4893 libro
388 4837 470 4893 reato
483 4827 523 4890 ad
535 4826 690 4890 Edictum.

63 4927 99 4987 In
112 4945 150 4988 eo
164 4927 246 5006 quod
271 4925 341 5005 plus
354 4923 402 5000 sit,
418 4939 540 5001 semper
553 4920 672 4980 inestet
686 4917 790 4979 miuus

29 5019 55 5078 i.
80 5020 180 5080 Nemo
209 5017 320 5078 alienae
349 5015 395 5076 rei
420 5013 626 5094 expromissor
660 5011 790 5072 idoneus

29 5108 154 5188 ridetur,
170 5111 229 5172 uisi
248 5110 372 5170 situum
385 5105 598 5167 satisfactione.
617 5105 638 5163 2
652 5101 791 5183 Pupillus

29 5202 86 5280 pati
103 5221 194 5282 posse
217 5219 281 5262 non
294 5198 487 5278 intelligitur.
504 5199 522 5258 3
539 5197 598 5258 Ubi
610 5194 705 5256 verba
716 5213 789 5255 con-

26 5289 127 5370 juncta
139 5298 299 5365 nonaum,
322 5290 434 5352 sufficit
449 5290 633 5351 alterutrum
652 5306 715 5348 esse
733 5287 792 5348 fao-

1548 437 1607 500 213

902 596 997 658 CXII.
1017 597 1107 678 Cujus
1128 597 1199 660 libra
1212 599 1333 662 racundo
1353 600 1393 662 ad
1405 599 1547 664 Edictum

1121 691 1321 753 Prouinciale.

881 780 1049 860 Pupillum,
1060 784 1114 863 qui
1123 785 1283 864 prordmus
1290 785 1446 865 pubertati
1456 787 1506 864 sit,
1521 805 1609 866 capa-

839 890 906 933 cem
928 891 1005 950 esse,
1022 881 1051 936 et
1073 876 1209 948 furandi,
1226 883 1256 937 et
1269 877 1391 956 injurie
1413 869 1560 940 lucieudae
1576 882 1605 940 1.

840 966 877 1024 In
897 966 1053 1028 haeredem
1079 987 1144 1029 non
1171 969 1270 1030 solent
1297 971 1432 1031 actiones
1464 973 1606 1046 transire,

839 1077 909 1137 quae
924 1061 1060 1138 poenales
1073 1069 1144 1122 sunt
1171 1079 1210 1122 ex
1223 1062 1384 1136 maleficio,
1407 1062 1502 1123 ueluti
1520 1062 1605 1140 furti,

838 1150 955 1228 damni,
969 1153 1102 1232 injurie,
1118 1154 1150 1214 vi
1162 1154 1316 1216 bonorum
1337 1163 1507 1235 raptorum,
1524 1155 1606 1234 inju-

838 1261 966 1304 narrum.

880 1332 991 1394 CXIII.
1008 1333 1139 1396 Paullus
1152 1334 1229 1396 libro
1241 1344 1340 1398 octauo
1354 1335 1394 1400 ad
1407 1335 1558 1398 Edictum.

877 1424 962 1486 Nihil
978 1425 1115 1504 interest,
1135 1427 1202 1508 ipso
1211 1428 1282 1506 jure
1297 1429 1365 1508 quis
1378 1429 1532 1489 actionem
1542 1446 1606 1488 nou

837 1515 961 1592 babeat,
975 1535 1014 1578 an
1028 1537 1085 1597 per
1097 1521 1311 1600 exceptionem
1324 1520 1512 1581 infirmetur.

883 1609 989 1671 CXIV.
1019 1608 1112 1692 Cujus
1134 1611 1210 1672 libro
1235 1613 1325 1672 tertio
1351 1611 1390 1672 ad
1417 1610 1559 1672 Edictum

1122 1701 1324 1764 Prouinciale.

878 1793 916 1854 In
931 1797 997 1854 tcto
1011 1800 1042 1854 et
1057 1813 1128 1874 pers
1141 1795 1326 1856 continetur.

898 1884 987 1946 CXV.
1010 1884 1143 1958 Paullus,
1157 1885 1233 1946 libro
1247 1905 1321 1948 nono
1336 1885 1376 1948 ud
1393 1885 1545 1948 Edictum.

877 1978 915 2037 In
927 1977 1064 2039 obscuris
1072 1978 1181 2058 inspici
1195 1979 1303 2054 solere,
1319 1979 1401 2058 quod
1411 1978 1607 2040 uerisimilius

838 2074 894 2146 est.
910 2075 964 2129 aut
977 2070 1250 2150 quodplcrumque
1264 2071 1333 2131 fieri
1346 2070 1432 2133 solet.
1500 2147 1508 2154 ·

910 2162 1015 2224 CXVI.
1028 2160 1109 2224 Idem
1126 2162 1201 2223 libro
1209 2161 1318 2223 decimo
1330 2161 1369 2224 ad
1380 2161 1533 2224 Edictum.

879 2254 1006 2334 Siquis
1039 2254 1227 2334 obligatione
1252 2255 1399 2315 liberatus
1422 2255 1471 2331 sit,
1508 2259 1608 2334 potest

837 2347 936 2408 videri
966 2348 1127 2427 accepisse,
1161 2348 1214 2426 qui
1237 2347 1400 2427 stipulatus
1423 2365 1488 2407 non
1507 2352 1607 2425 potest

837 2440 1016 2519 exceptione
1026 2439 1226 2501 summoueri.

837 2532 958 2594 CXVII.
978 2531 1123 2612 Ulpianus
1137 2531 1214 2593 libro
1228 2532 1379 2594 undecimo
1399 2531 1439 2594 ad
1451 2530 1604 2616 Ellelum.

876 2624 961 2686 Nihil
975 2625 1135 2685 consensui
1154 2630 1219 2686 tam
1233 2626 1424 2686 contrarium
1436 2629 1483 2684 est
1498 2621 1562 2704 (qui
1576 2628 1607 2684 et

835 2717 926 2778 bonae
945 2717 1016 2778 fidei
1033 2717 1150 2796 juditia
1172 2716 1310 2798 sustinet)
1327 2735 1421 2796 quam
1441 2717 1497 2776 iis.
1514 2721 1607 2794 atque

836 2816 938 2870 metus
963 2812 992 2870 1.
1022 2809 1092 2868 Non
1128 2809 1259 2888 capitur,
1292 2810 1347 2888 qui
1371 2809 1423 2887 ius
1445 2806 1606 2887 publicum

836 2902 975 2981 sequitur
995 2903 1025 2963 2.
1048 2901 1117 2962 Non
1137 2901 1290 2978 videntur,
1314 2902 1367 2982 qui
1393 2905 1508 2976 emant,
1536 2917 1606 2960 con-

836 2995 958 3056 sentire.

838 3087 974 3147 CXVIII.
995 3084 1126 3148 Paullus
1143 3085 1217 3148 libro
1234 3084 1435 3147 undecimoad
1445 3085 1604 3148 Edictum.

878 3180 998 3241 Praetor
1008 3179 1163 3240 bonorum
1177 3197 1382 3259 possessorem
1394 3179 1527 3240 heredis
1539 3179 1606 3241 ioco

836 3271 870 3333 in
884 3271 971 3332 omni
980 3289 1086 3332 caussa
1098 3271 1203 3332 babet.

838 3364 945 3424 CXIX.
966 3361 1112 3444 Ulpianus
1125 3363 1148 3424 li
1152 3363 1203 3425 bro
1220 3361 1385 3424 duodccc'mo
1397 3361 1438 3423 ad
1449 3361 1603 3426 Edictum.

878 3456 939 3522 Qui
951 3455 984 3516 in
994 3456 1141 3517 servitute
1154 3462 1209 3529 est,
1223 3473 1401 3535 usucapere
1415 3473 1480 3516 non
1493 3461 1604 3535 potest.

837 3549 916 3609 Nam
930 3565 1003 3608 cum
1017 3549 1218 3628 possideatur,
1230 3547 1386 3628 possidere
1395 3566 1461 3608 non
1471 3548 1604 3610 videtur.

837 3641 928 3701 CXX.
951 3638 1031 3701 laam
1051 3637 1132 3701 libro
1160 3637 1371 3703 tertiodecimo
1385 3637 1425 3699 ad
1448 3638 1604 3702 Edictum.

877 3733 947 3793 Non
960 3731 1085 3809 alienet,
1101 3732 1155 3812 qui
1167 3732 1330 3793 dumtaxat
1352 3731 1467 3792 omittit
1487 3748 1605 3810 posses-

835 3842 967 3885 sionem.

837 3916 944 3976 CXXI.
973 3915 1100 3978 Paullus
1123 3914 1201 3976 libro
1215 3912 1384 3976 duodecimo
1402 3914 1441 3976 ad
1452 3913 1604 3978 Edictum.

878 4009 976 4068 Nemo
989 4007 1058 4088 plus
1075 4007 1229 4068 commodi
1241 4007 1358 4067 heredi
1376 4025 1433 4068 suo
1445 4007 1603 4088 relinquit,

838 4117 932 4178 quam
943 4100 1009 4179 ipse
1022 4099 1141 4160 habuit.

839 4192 961 4252 CXXII.
978 4181 1058 4252 Idan
1079 4189 1155 4251 libro
1174 4187 1386 4250 tertio-decimo
1402 4189 1442 4251 ad
1453 4189 1601 4256 Edictum.

830 4277 831 4280 '
879 4283 939 4350 Qui
959 4301 1024 4344 non
1037 4281 1110 4343 facit
1129 4281 1212 4361 quod
1235 4281 1335 4343 iacere
1356 4281 1457 4357 debet,
1485 4283 1609 4347 uidetur

837 4375 936 4437 iecere
963 4375 1108 4437 adversus
1132 4391 1179 4450 eu,
1208 4391 1277 4452 quae
1301 4392 1365 4433 non
1392 4373 1473 4436 facit.
1490 4377 1539 4436 <Et
1553 4377 1607 4456 qui

838 4467 911 4528 facit
936 4468 1019 4548 quod
1045 4467 1145 4528 facere
1169 4484 1233 4526 uon
1258 4465 1359 4541 debet,
1388 4484 1452 4526 non
1489 4469 1609 4531 uidetur

837 4559 937 4621 facere
950 4560 993 4632 id,
1016 4558 1100 4638 quod
1111 4558 1210 4619 lacem
1221 4558 1325 4636 jussus
1336 4562 1390 4618 est.

878 4651 1015 4713 CXXIII.
1034 4649 1127 4732 cajus
1151 4648 1224 4710 libro
1251 4649 1353 4731 quinto
1368 4647 1408 4711 ud
1426 4650 1567 4715 Edictum

1118 4741 1318 4803 Prouinciale.

877 4835 1018 4896 Libertas
1032 4833 1178 4896 omnibus
1191 4833 1284 4895 rebus
1297 4832 1495 4896 favorabilior
1509 4843 1565 4900 est.

879 4927 1012 4988 CXXIV.
1034 4926 1181 5007 Ulpianus
1195 4925 1269 4986 libro
1286 4923 1519 5008 decimo-quarto
1530 4928 1571 4990 ad

1147 5016 1299 5078 Edictum.

879 5107 977 5168 Nemo
997 5108 1098 5169 abeno
1121 5108 1249 5170 nominc.
1272 5109 1340 5188 iege
1358 5127 1450 5189 agere
1464 5115 1564 5190 potest
1577 5115 1605 5174 1.

840 5200 1040 5278 Temporaria
1066 5201 1253 5280 permutatio
1273 5201 1325 5280 jus
1349 5201 1519 5263 Provincia
1544 5222 1609 5265 uon

839 5293 978 5352 innocen.

31 5401 95 5444 rum
109 5388 140 5446 l.
170 5383 354 5446 Mulieribus
376 5386 451 5443 tunc
469 5379 710 5442 succurrendum
734 5383 789 5453 est,
842 5383 960 5444 CXXV.
976 5383 1099 5445 Paullus
1109 5383 1184 5445 libro
1197 5383 1403 5446 declaro-seem
1417 5385 1457 5446 ad
1468 5385 1609 5450 Edictum

31 5491 98 5535 cum
124 5477 356 5549 denariorum,
384 5492 449 5535 uon
479 5476 514 5534 ut
542 5471 659 5533 lucilius
679 5471 792 5532 oalum-
882 5475 941 5536 Ubi
969 5494 1034 5536 nou
1060 5495 1145 5552 voce,
1173 5477 1226 5538 sed
1257 5477 1422 5557 presentia
1447 5496 1525 5558 opus
1551 5485 1608 5556 est,

32 5567 164 5628 uientur.
842 5572 958 5642 mutus,
981 5568 1007 5626 si
1023 5567 1215 5629 intellectum
1251 5568 1362 5644 hebet,
1392 5574 1491 5648 potest
1514 5572 1610 5634 uideri
