3938 6338
672 421 992 500 oumsuoanmi.
1568 421 1626 481 ni

89 589 173 672 Exiis
187 611 263 656 vero
276 595 445 674 Episoopis,
468 593 599 674 quosab
621 589 711 652 annis
737 608 810 651 cen·
860 607 932 649 num
950 607 981 669 q.
1004 593 1036 650 5.
1063 585 1099 649 de
1123 586 1306 668 Confessime
1327 585 1397 648 dub.
1414 589 1445 647 7.
1469 585 1521 646 nbi
1542 583 1625 658 dicit,

62 691 113 744 tum
126 687 362 748 controversiam
375 686 466 747 istam
478 687 511 746 in
526 685 718 762 Theologicis
731 700 812 744 com·
859 678 938 760 quod
946 680 1012 760 qut's
1024 687 1138 741 tenetur
1156 681 1240 762 sequi
1251 681 1387 740 tatibrem
1408 677 1583 760 opinionem,
1602 685 1629 737 et

64 777 200 836 nmtmiis
227 779 293 838 suis
320 779 450 857 agitasse
473 783 593 838 constat
616 771 735 852 ex'iis,
758 774 812 853 qui
861 772 1041 834 contrariam
1059 777 1149 834 etiam
1184 772 1361 854 probabilem
1389 776 1539 832 omittere:
1570 767 1632 831 Sed

64 867 211 946 diligenter,
224 877 256 930 et
267 877 409 932 accurate
422 871 585 948 utriiisque
600 869 695 949 partis
706 868 811 928 delen·
860 863 1056 925 nidilmm'nus
1069 870 1168 925 nostra
1178 864 1321 926 conolrrsio
1330 871 1372 925 est
1387 862 1548 924 unissima.

58 977 130 1042 sores
159 967 351 1041 percensent,
378 963 483 1024 nullm
512 969 558 1024 est
588 961 728 1037 omnino,
758 961 812 1039 qui
901 959 975 1032 Qua
997 957 1174 1018 omniaillis
1195 958 1360 1018 assentitur
1376 956 1510 1016 Thomas
1524 953 1631 1016 Zerola

54 1056 682 1134 unamquesententiamnonamplectatur.
692 1053 812 1112 Primus
858 1049 1029 1129 Episcopus
1042 1049 1236 1125 Minorensis,
1259 1049 1346 1128 cujus
1370 1049 1466 1109 libros
1489 1047 1631 1108 Clemens

54 1149 103 1219 est,
117 1165 179 1207 non
193 1153 282 1209 aetate
296 1149 434 1228 quidem,
451 1149 504 1210 sed
517 1147 680 1227 dignitate,
700 1151 730 1206 et
744 1164 813 1206 eru·
860 1143 929 1202 VIII
977 1143 1109 1204 libenter
1132 1142 1331 1224 pervolvebat,
1367 1141 1629 1220 quemadmodum

53 1237 169 1298 ditionis
182 1239 263 1301 fama
276 1241 409 1302 Didaous
425 1241 553 1302 Alvarez
574 1239 760 1300 clarissimus
774 1256 813 1298 cx
860 1235 924 1314 ipse
936 1241 1066 1296 testatur
1080 1236 1114 1295 in
1137 1235 1265 1315 epistola
1289 1233 1474 1295 dedicatoria
1496 1232 1534 1293 ad
1559 1233 1630 1292 Gin-

56 1330 150 1391 Sancti
163 1333 315 1394 Dominici
322 1333 438 1394 familia
447 1334 632 1411 'theologus
650 1337 681 1392 ct
691 1330 813 1391 Archia·
859 1327 961 1388 thium
986 1327 1178 1389 Gardinalem
1199 1325 1479 1388 aldobrandinum.
1501 1325 1580 1384 Nam
1598 1324 1631 1384 in

53 1422 183 1502 piscopos
192 1425 511 1504 Tranensis:oopiose
519 1423 812 1504 quaestionemhanc
859 1418 947 1498 praxi
974 1419 1164 1498 poenitentioe
1188 1438 1216 1479 c.
1240 1423 1290 1479 m.
1307 1437 1337 1498 q.
1358 1419 1386 1479 3.
1402 1415 1545 1478 editionis
1565 1416 1629 1476 Ve-

54 1521 206 1593 pertractat
232 1519 267 1578 in
288 1517 518 1580 commentariis
534 1517 572 1577 ad
586 1521 615 1577 l.
638 1519 668 1576 Ξ.
690 1531 812 1575 summo
861 1519 941 1571 note
969 1529 1020 1580 an,
1045 1514 1133 1574 1599.
1150 1511 1203 1571 dol.
1230 1514 1298 1571 tao.
1318 1528 1389 1589 pag.
1411 1514 1440 1570 l.
1471 1507 1532 1569 ait:
1558 1507 1632 1569 Dico

54 1608 144 1668 studio
158 1628 212 1669 suo
236 1610 333 1670 tinem
347 1610 421 1672 ritae
436 1609 587 1690 expolitis,
612 1613 643 1669 et
669 1607 763 1668 Trani
779 1607 812 1666 in
860 1601 990 1678 semron,
1015 1606 1043 1662 si
1064 1603 1165 1686 opinio
1177 1603 1342 1683 penitentis
1354 1617 1392 1664 est
1412 1599 1588 1682 probabilis,
1605 1609 1632 1660 et

54 1700 111 1778 ipso
121 1701 380 1782 Archiepiscopali
394 1703 508 1764 Palatio
523 1703 612 1763 editis
627 1720 710 1762 anno
721 1702 809 1761 tbt'l.
861 1694 1033 1774 confessarii
1042 1694 1242 1773 probabilior,
1266 1694 1417 1775 quodiana
1429 1693 1630 1773 confessarius,

55 1792 95 1852 Sic
127 1793 210 1854 enim
241 1796 320 1874 disp.
356 1798 406 1856 80.
443 1794 606 1856 inscribit:
646 1801 744 1854 utram
776 1811 813 1852 ea
859 1785 987 1866 deposita
1006 1805 1062 1846 siro
1074 1787 1219 1867 opinione,
1233 1793 1332 1866 potest,
1350 1794 1378 1846 et
1397 1785 1476 1845 debet
1489 1784 1633 1846 absolvere

55 1884 158 1945 duabus
165 1887 351 1968 opinionibus
360 1889 455 1970 possit
465 1886 549 1948 domo
559 1887 641 1968 sequi
648 1886 813 1968 opinionem
860 1877 1059 1958 paenitentem,
1083 1885 1184 1938 etcum
1199 1877 1402 1960 relinquerem
1416 1895 1470 1938 suo
1482 1876 1628 1957 opinione.

53 1976 222 2056 probabilem
245 1979 403 2062 prodibito
417 1979 486 2058 faro,
523 1978 628 2040 relicta
662 1978 811 2060 opinione,
902 1969 1104 2031 Prolixiorem
1120 1989 1157 2030 ea
1170 1971 1207 2031 de
1228 1989 1262 2031 re
1277 1971 1518 2051 disputationem
1537 1969 1633 2031 habet

57 2087 136 2148 ptum
143 2070 262 2152 judicat
269 2072 479 2154 probiliorcm.
495 2073 596 2152 Atque
609 2071 663 2132 ubi
677 2071 814 2151 priorem
861 2063 998 2122 loannes
1010 2063 1164 2124 llalderns
1174 2063 1417 2124 exceleberrimo
1431 2061 1633 2122 Lovauiensis

59 2162 185 2239 dejotari
204 2166 389 2226 sententiam
404 2167 553 2244 esposuit,
572 2164 680 2225 haecn.
697 2167 725 2223 d.
741 2161 813 2221 sub-
846 2155 1035 2246 vI'lreologiee
1054 2155 1224 2234 professore
1240 2156 1410 2234 Episcopus
1424 2154 1630 2233 natuerpien-

56 2253 149 2332 jnngit
162 2274 169 2313 :
183 2256 307 2318 secando
326 2257 467 2318 certantia
480 2264 521 2317 est
531 2254 713 2338 praecedenti
724 2273 814 2336 oppo-
863 2245 913 2318 Sls‚
928 2247 1015 2325 cuius
1026 2246 1231 2327 percellentem
1245 2245 1418 2322 doctrinam,
1433 2263 1632 2326 summasque

61 2344 107 2403 sito
120 2348 314 2425 asserentium,
326 2347 407 2430 qaod
418 2347 542 2430 quilibet
549 2355 641 2429 potest
653 2347 736 2428 seqrii
749 2348 815 2428 opi·
862 2340 990 2400 virtutes
999 2339 1162 2418 magnifice
1176 2339 1326 2420 praedicat
1339 2339 1481 2399 Valerius
1495 2337 1633 2400 Andreas

62 2435 171 2506 nimam,
194 2457 281 2520 qnam
289 2440 412 2523 judicat
419 2439 609 2522 probabilem,
634 2439 816 2502 Teucriam
864 2431 897 2492 in
923 2431 1112 2492 Bibliotheca
1140 2431 1269 2508 belgica.
1299 2433 1346 2491 Es
1368 2432 1405 2492 iis
1423 2437 1537 2500 autem,
1562 2449 1633 2510 quae

64 2531 217 2592 smtmtiom
239 2532 386 2614 Mapister
412 2532 543 2609 Melina,
570 2541 598 2594 et
619 2532 677 2592 olii
712 2531 816 2592 doctis
864 2542 957 2603 super
969 2524 1028 2584 hac
1040 2523 1210 2603 quaestione
1225 2523 1360 2602 plurima
1374 2524 1495 2584 disserit
1505 2523 1539 2583 in
1554 2525 1583 2598 1,
1600 2525 1631 2600 E,

65 2621 122 2682 ini
144 2622 308 2700 Tbomistoe,
328 2644 418 2706 qnam
428 2625 558 2706 probant
571 2624 618 2685 dis
635 2624 817 2706 arpumentis
865 2635 896 2695 q.
912 2618 951 2676 til
964 2615 1041 2694 disp.
1057 2617 1096 2675 86
1111 2616 1310 2676 assertionem
1324 2614 1405 2674 hanc
1418 2613 1548 2689 colligit:
1566 2613 1634 2674 li'cet

67 2721 108 2773 ete.
130 2716 217 2776 Tum.
235 2719 315 2778 natl.
331 2717 377 2777 illi
389 2717 551 2780 subscribit
563 2718 597 2778 iu
615 2717 682 2778 haec
702 2717 815 2778 verba:
865 2705 1024 2788 aliqnando
1050 2707 1132 2788 sequi
1156 2706 1322 2788 opinionem
1336 2709 1432 2766 minus
1441 2703 1633 2786 probabilem,

69 2803 156 2868 ana
178 2808 325 2884 maelmin,
355 2809 472 2890 quando
493 2809 643 2890 opiniones
665 2815 818 2870 versantur
866 2799 968 2860 relicto
995 2796 1195 2880 probabiliori,
1208 2797 1324 2858 etiamsi
1340 2795 1524 2878 probabilior
1538 2796 1634 2876 suerit

70 2897 133 2958 (itm
145 2919 195 2977 res,
208 2910 302 2982 poten
314 2903 397 2984 sequi
403 2903 502 2983 opinio
509 2903 641 2984 practice
648 2900 816 2982 probabilis,
867 2893 970 2952 tutior.
988 2893 1027 2951 Et
1040 2890 1180 2970 pluribus
1205 2889 1410 2970 interpositis:
1434 2887 1636 2968 Confessarins

70 2989 158 3052 relicta
171 2993 377 3073 probabiliori.
411 2996 497 3054 Hanc
513 2995 683 3056 sententiam
693 2993 819 3074 probant
867 2991 980 3043 lentim*
993 2981 1136 3042 admirere
1158 2982 1343 3062 poeut'lentem
1356 2979 1507 3042 damatam
1519 2981 1636 3061 opinio-

67 3093 216 3162 mpnnana
230 3085 680 3167 saetaprosententiaMopistri
690 3084 815 3154 Madian
867 3093 932 3135 nom
954 3073 1147 3156 probabilem,
1176 3072 1328 3135 secundam
1352 3091 1440 3155 qnam
1460 3073 1497 3133 ab
1510 3091 1542 3133 eo
1555 3091 1638 3152 opere

66 3177 236 3252 eto.,deInde
246 3179 493 3240 adversariorum
503 3179 728 3256 objectionibus
738 3175 815 3254 lusa,
865 3166 1004 3248 Pt0p0m'l
1017 3185 1074 3226 ”⁰⁷2
1087 3165 1241 3243 abstinete,
1257 3163 1336 3248 9ᾰοίῖ
1351 3163 1505 3226 secuudum
1527 3163 1636 3245 diffida-

69 3283 98 3326 te
108 3267 271 3331 luculenter
280 3272 459 3350 respondet.
869 3259 1000 3320 biliorem
1012 3265 1091 3319 tenet
1111 3277 1167 3319 esse
1183 3257 1335 3320 illicitum:
1355 3256 1497 3338 Sequitur
1515 3264 1544 3318 ct
1560 3255 1640 3318 istud

102 3359 198 3422 Eidem
211 3363 373 3424 sentenIIae
386 3362 486 3423 obiter
496 3363 633 3441 quidem,
648 3362 702 3422 sed
715 3367 821 3441 aperte
868 3370 906 3412 ex
918 3350 1016 3412 (Μ.
1040 3349 1113 3412 Cum
1134 3351 1211 3411 edim
1224 3369 1283 3411 '1⁰⁷²
1296 3349 1399 3410 baberi
1410 3349 1556 3430 poenlifflt
1567 3367 1638 3429 pro·

69 3453 259 3526 patrocinatur
272 3455 426 3534 ,Iosephus
435 3454 560 3532 Angla,
570 3453 727 3531 extnsigni
738 3453 821 3533 apud
867 3444 994 3524 positam
1004 3441 1153 3524 peccandi,
1175 3441 1322 3502 immerito
1336 3443 1365 3502 ei
1378 3447 1537 3522 neporetur
1557 3440 1638 3502 abso·

70 3539 266 3607 Itaaciaeanos
280 3547 558 3625 sacraeTheologiae
568 3544 749 3624 professore,
766 3545 822 3605 130.
871 3535 956 3607 latio,
973 3542 1001 3595 et
1011 3535 1055 3596 ita
1068 3542 1166 3595 tenent
1179 3534 1372 3594 communiter
1383 3533 1528 3596 Doctores.

68 3637 187 3697 mnusin
202 3638 346 3698 Sardinia
359 3639 535 3717 Episcopus.
552 3637 631 3697 Nam
645 3637 679 3697 in
692 3637 822 3698 lloribus
909 3627 978 3687 N⁰ss
991 3628 1094 3686 minus
1108 3632 1249 3688 accurate
1264 3626 1469 3706 qllffislifflflm
1477 3625 1559 3686 1111ssss
1571 3643 1640 3686 em·

24 3754 25 3775 .
66 3723 303 3807 meologiearum
316 3731 523 3808 questionum
540 3727 633 3809 (quod
647 3747 736 3808 opus,
750 3747 822 3790 cum
871 3719 968 3780 minat
986 3718 1138 3780 Martinus
1159 3719 1325 3794 Bonacina,
1342 3718 1380 3778 de
1403 3735 1466 3796 qua
1479 3719 1544 3778 Leo
1557 3717 1639 3778 Alla-

20 3810 23 3849 ¹
61 3815 174 3880 itltaliis
185 3821 405 3882 eruditissimis
427 3820 511 3893 viris,
530 3827 597 3880 tum
625 3821 758 3881 maxime
783 3821 822 3881 gh
871 3813 932 3871 tius
945 3811 979 3870 in
993 3811 1111 3889 Apibus
1124 3811 1251 3871 urbanis
1263 3812 1331 3870 haec
1342 3809 1455 3870 habeb:
1474 3809 1641 3890 Episcopus

61 3907 185 3972 llenrioo
199 3914 367 3975 Sedulioin
382 3914 612 3975 commentariis
626 3913 773 3973 advitam
789 3914 819 3973 S.
871 3923 935 3963 cum
958 3922 988 3964 8⁶
1015 3902 1108 3964 Roma
1134 3904 1168 3963 db
1199 3901 1386 3965 Germaniam
1411 3899 1566 3982 ⁶⁰²²le
1594 3901 1642 3980 Ρῑθ

65 3999 204 4065 blancisci
215 4005 388 4085 plurimum
400 4003 554 4084 laudatur)
571 4004 714 4065 sichabet
727 4023 824 4083 ‹piaes-
872 4003 961 4066 obiit:
980 4003 1034 4066 Vir
1047 4001 1254 4085 landedr'pnus,
1269 4003 1323 4084 qui
1330 4022 1395 4063 cum
1410 4001 1548 4062 dmamm
1563 4001 1641 4063 litte-

66 4091 137 4154 tione
151 4095 187 4157 dc
200 4096 390 4158 confessione
410 4095 502 4158 diffie.
532 4099 562 4157 8.
590 4093 712 4172 Quando
730 4097 824 4176 poeni-
873 4116 977 4158 rarum
999 4093 1105 4156 studiis
1127 4099 1268 4176 pietatem
1291 4094 1497 4175 conjunxerat.
1520 4095 1643 4155 Tomi

58 4186 141 4246 tentis
154 4189 253 4268 opinio
266 4196 306 4250 est
314 4188 491 4270 probabilis,
503 4189 558 4249 etsi
567 4187 825 4268 sacerdotciopinio
873 4189 950 4268 disp.
978 4193 996 4249 d
1011 4209 1041 4269 q.
1062 4191 1082 4248 d
1099 4195 1214 4266 puncto
1226 4189 1245 4248 9
1259 4187 1405 4266 disputat,
1433 4193 1535 4248 utrum
1548 4194 1644 4268 peccet

41 4277 232 4354 probabilior
269 4283 325 4355 sit,
360 4280 489 4342 sorados
520 4280 574 4341 illi
617 4279 824 4341 absolutionem
874 4282 928 4362 qni
951 4282 1083 4362 sequitur
1116 4280 1280 4361 opinionem
1314 4277 1510 4360 probabilem,
1539 4278 1643 4339 relicta

53 4385 145 4449 mque
157 4371 237 4435 debet
249 4373 398 4455 decepere,
421 4391 511 4453 neque
520 4381 623 4454 potest.
875 4373 994 4450 tutiore,
1018 4375 1064 4436 oel
1080 4370 1289 4457 probabiliore.
1314 4371 1364 4432 Sic
1377 4377 1483 4431 autem
1504 4375 1643 4432 mentem

99 4461 335 4526 bartholomeus
347 4466 497 4526 Ledesma
510 4463 583 4546 (qui,
596 4464 825 4544 utaitAlphou·
874 4484 1013 4546 superea
1026 4485 1060 4528 re
1084 4484 1172 4528 suam
1191 4463 1318 4544 exponit
1334 4484 1342 4523 ι
1358 4463 1515 4525 Possumus
1539 4462 1645 4544 absque

0 4630 1 4649 Χ
54 4567 112 4612 sus
132 4555 305 4618 Eernandez
318 4557 352 4618 iu
366 4557 477 4618 notitia
497 4557 686 4636 Scriptorum
707 4557 823 4618 Praedi·
872 4565 988 4638 peccato
1016 4559 1098 4639 sequi
1117 4556 1278 4638 opinionem
1309 4553 1504 4636 probabilem,
1541 4553 1645 4616 relicta

53 4647 180 4707 natoriae
204 4648 339 4725 familiae,
364 4655 396 4710 et
419 4649 620 4727 Theologiam
639 4649 743 4708 docuit
761 4667 825 4708 ma·
872 4648 1078 4730 probabiliore,
1103 4657 1133 4710 et
1153 4649 1272 4708 tutiore.
1289 4647 1377 4720 Quod
1396 4646 1592 4722 ubiratione,
1615 4652 1646 4708 et

47 4733 544 4813 animumanimumum,
570 4745 602 4800 et
615 4742 824 4818 Guaxeguen-
875 4744 1055 4804 arietaritate
1087 4741 1239 4822 probavit,
1275 4739 1427 4800 contraria
1461 4745 1646 4818 argumenta

47 4827 362 4911 semnpseopatum,
387 4833 543 4910 adquam
570 4837 677 4911 postea
704 4839 826 4893 evectus
875 4834 976 4895 diluit.

52 4923 121 4993 est,
134 4920 611 5004 sanaeadministravitlsimilem
625 4925 827 4985 assertionem
918 4925 1118 5005 Augustinus}
1139 4923 1274 4985 Barbosa
1301 4922 1452 5002 Ugentius
1478 4923 1646 5002 Episcopus

49 5008 154 5084 ponit
173 5011 205 5071 in
228 5019 355 5075 mactatu
375 5015 413 5076 <le
424 5015 574 5094 poeniten.
601 5017 670 5076 Sao.
686 5015 824 5077 fflfficult.
879 5019 1013 5098 (dequo
1039 5019 1102 5078 Leo
1127 5017 1256 5078 allatius
1287 5016 1320 5074 in
1350 5015 1468 5094 Apibus
1499 5015 1644 5076 urbanis:

63 5099 122 5158 db.
138 5101 273 5164 editionis
285 5106 531 5167 Salmanticcnsis
544 5106 620 5166 anni
640 5109 730 5168 4585.
753 5125 826 5186 pag.
872 5109 1018 5171 Bnrbosae
1041 5127 1137 5169 omnes
1161 5108 1225 5188 sere
1252 5107 1425 5166 recentiores
1438 5107 1644 5182 meminerunt,

62 5189 145 5248 731.
159 5193 313 5272 additque:
330 5197 548 5258 noceantne
557 5205 597 5259 est
610 5205 709 5260 contro
722 5197 829 5260 Adria·
877 5201 1072 5262 doctissimum
1083 5199 1182 5273 illum,
1198 5203 1264 5259 etin
1275 5195 1430 5261 Canonicis
1441 5195 1647 5279 quaerentem

86 5413 237 5500 promittitis
248 5431 366 5482 moranus
379 5423 535 5488 sequiminm
545 5427 630 5482 tutam.
642 5435 671 5476 tr.
696 5426 829 5478 ardradus
878 5427 1014 5479 Antoninum
1035 5425 1191 5479 Wandrocliio
1205 5423 1322 5488 objiceret,
1344 5422 1399 5474 satis
1413 5425 1470 5485 erat,
1485 5421 1502 5474 S
1524 5421 1552 5473 ll.
1569 5423 1647 5490 prima

92 5492 233 5548 ammonitas
252 5492 404 5558 probabdtbm
422 5499 516 5548 licitam
542 5504 578 5550 est
609 5501 724 5564 amplecti
748 5503 830 5551 minas
878 5502 999 5554 adhesissc
1027 5501 1155 5562 sententia,
1179 5513 1252 5564 neque
1279 5497 1397 5564 oportebat
1418 5503 1537 5565 praterea,
1555 5499 1647 5550 alteram

94 5561 241 5626 Wlfflin,
263 5581 309 5618 esse
323 5569 434 5623 societatis
447 5574 569 5639 propriam.
585 5575 616 5626 Ut
629 5576 688 5626 enim
704 5576 831 5641 Decbamps
878 5591 967 5641 qiioquo
984 5578 1056 5641 ipsum
1070 5588 1231 5641 propugnasse.
