3946 6344
624 439 736 502 LIBER
756 438 922 502 TERTIUS
945 437 1041 502 PARS
1063 439 1074 498 I
1586 437 1646 498 569

70 609 139 670 toria
146 608 284 670 laventur
296 610 336 671 ab
342 609 461 671 iisdem.
472 607 625 670 vuemo.
637 607 666 686 ξ.
679 609 708 668 2.
719 607 825 668 Cetera
875 605 940 667 fore
954 606 1160 685 sacrilegium,
1177 605 1202 666 si
1216 606 1285 686 quis
1299 625 1335 667 ea
1347 609 1458 685 raptat,
1474 608 1528 666 aut
1542 598 1646 665 violet,

69 705 173 776 autem
204 719 273 780 quea
295 703 519 763 Eucharistiam
550 701 727 763 immediate
760 717 826 760 non
876 699 929 760 sad
944 700 1208 778 negantttastrop.
1225 698 1421 760 attumne.
1437 699 1483 758 10.
1497 695 1648 776 quietaIIs

69 795 251 872 eontmgunt,
264 813 323 856 nce
332 795 496 856 chrismate
507 799 680 873 unguntur,
692 799 728 853 ut
742 809 827 871 map
875 797 996 854 remota
1008 791 1170 854 destinatio
1184 810 1249 853 non
1259 791 1381 852 videtur
1394 789 1533 851 srrfficere
1551 789 1588 849 ad
1603 788 1647 848 ia-

68 904 125 966 pas,
146 892 244 948 vestes
267 888 484 963 sacerdotates,
508 886 686 947 immediate
708 885 828 946 contin·
876 887 1021 948 ciendum
1035 903 1177 946 ramesse
1191 891 1261 946 actu
1273 902 1401 945 samam.

67 980 287 1057 gereomnibus
299 981 381 1054 licet,
398 981 488 1041 Suar.
509 981 616 1058 Laym.
632 976 742 1038 Tamb.
760 975 782 1036 l.
798 995 825 1038 c.
916 979 945 1057 §-
968 980 998 1038 t.
1024 977 1209 1039 Deiraudare
1232 977 1370 1038 Decimus
1391 993 1457 1036 non
1471 979 1516 1035 est
1529 971 1648 1034 sacrile-
1673 955 1712 1016 52

67 1071 114 1130 ubi
126 1089 162 1131 ex
176 1071 279 1140 Palae,
290 1079 347 1134 etc.
360 1073 444 1132 idem
458 1069 824 1148 concedItdeReliquiis3
877 1073 975 1152 gium,
991 1071 1044 1134 sed
1053 1070 1214 1149 injustitia,
1225 1076 1256 1131 et
1265 1067 1476 1148 irreligiositas
1489 1065 1648 1144 sacrilegio

66 1161 135 1223 sicut
147 1164 251 1240 etiam,
275 1170 312 1225 ut
331 1165 455 1226 easdem
473 1164 568 1225 thecis
588 1163 721 1224 inclusas
734 1179 828 1242 penes
876 1165 975 1245 pejor,
986 1163 1136 1242 injustitia
1154 1163 1281 1241 quidem
1293 1163 1326 1222 in
1335 1159 1488 1234 homines,
1505 1163 1536 1218 et
1549 1157 1647 1218 irreli-

65 1273 94 1315 se
102 1255 243 1328 habeant,
254 1256 304 1318 val
314 1257 384 1317 laici
399 1259 431 1316 iu
441 1255 571 1336 publicis
582 1255 828 1335 processionibus
877 1257 1003 1336 giositas
1020 1257 1055 1316 in
1078 1256 1186 1329 Deum,
1214 1255 1351 1333 Castrop.
1379 1271 1408 1313 n.
1435 1253 1464 1314 6.
1488 1255 1519 1311 et
1536 1249 1647 1310 Tamb.

65 1353 186 1426 gestent.
212 1349 299 1410 Idem
316 1350 514 1410 doceutcum
528 1349 633 1427 Laym.
649 1347 826 1427 depyxide,
877 1371 907 1412 n.
939 1353 989 1412 tt.
1016 1351 1108 1409 Ratio
1137 1353 1191 1421 est,
1217 1348 1291 1425 quia
1315 1345 1457 1407 homiues
1480 1344 1580 1403 aDeo
1594 1343 1650 1402 Ius

64 1440 120 1501 sive
145 1441 271 1514 ciborio,
297 1447 328 1502 et
354 1441 463 1503 lrrnula
488 1437 674 1513 benedictis,
704 1439 828 1519 quando
877 1442 995 1504 habent
1017 1441 1161 1520 exigendi
1182 1441 1330 1514 Decimae,
1346 1444 1376 1498 ct
1389 1437 1500 1498 solutio
1516 1436 1650 1495 Decima-

64 1550 173 1593 sacram
188 1534 414 1594 Eucharistiam
437 1533 580 1594 nondum
596 1533 827 1593 continuerunt.
878 1553 951 1596 rum
965 1541 1012 1596 est
1025 1539 1179 1630 precepta
1201 1533 1234 1593 in
1257 1530 1499 1610 recognitionem
1513 1526 1650 1606 supremi

65 1624 147 1697 Item,
172 1625 211 1686 de
232 1626 459 1705 Corporalibus,
487 1625 584 1703 pallis,
605 1631 635 1686 et
649 1623 828 1704 purificato·
879 1628 1010 1689 domiuii
1020 1627 1073 1688 Dei
1086 1646 1093 1701 ;
1108 1628 1155 1687 uti
1168 1627 1286 1687 dicatur
1299 1625 1335 1685 L.
1352 1625 1381 1683 I.
1398 1641 1429 1681 n.
1449 1622 1535 1681 taor.

65 1716 121 1790 riis,
136 1718 261 1795 quando
276 1723 344 1797 post
356 1735 480 1779 sacrum
494 1735 586 1778 usum
608 1717 671 1778 lota
691 1721 774 1784 sunt,
790 1735 829 1776 ex
918 1721 947 1798 ᾗ.
973 1722 1001 1780 5.
1030 1719 1139 1778 Furari
1163 1718 1331 1797 Reliquias,
1365 1716 1460 1776 ctiam
1478 1711 1650 1773 devotionis
1674 1712 1714 1772 53

65 1807 165 1887 leym.
194 1815 225 1870 et
245 1811 358 1870 Bonae.
386 1811 452 1870 lmo
471 1809 565 1870 etiam
583 1813 655 1871 aute
667 1808 827 1884 lotionem,
880 1830 981 1885 causa,
996 1818 1043 1873 est
1053 1811 1258 1890 sacrilegium.
1281 1811 1331 1881 Sa,
1357 1807 1462 1868 Alloza
1476 1823 1504 1865 v.
1520 1803 1651 1865 Sectile

64 1900 164 1980 leym.
182 1902 291 1963 Tamb.
308 1901 332 1963 l.
347 1921 373 1963 c.
497 1947 503 1960 .
878 1905 982 1986 pium:
999 1909 1105 1983 estque
1116 1907 1278 1984 peceatum
1289 1898 1454 1984 gravaret
1466 1897 1545 1972 leve,
1555 1900 1650 1974 prout

343 2032 538 2094 ADDENDA·
880 1996 1035 2076 Reliquiae
1049 2001 1132 2070 sunt,
1149 1996 1195 2056 uti
1210 1995 1328 2056 dicetur
1341 1993 1392 2053 hio
1404 2010 1435 2050 n.
1452 1990 1540 2050 1003.

919 2089 947 2168 ἕ.
962 2092 991 2150 6.
1008 2081 1483 2165 Circumstantiatemporissacri
1494 2098 1557 2141 nou
1567 2078 1652 2139 addit
1676 2085 1716 2146 54

12 2158 44 2218 e
95 2160 260 2230 ditescit.
288 2159 487 2230 orandorum
509 2163 659 2230 praterea
677 2164 830 2216 censeatur
879 2183 1031 2244 rationem
1045 2181 1208 2260 sacrilegii,
1224 2197 1297 2258 v.g.
1319 2176 1589 2254 licetquispecoet
1603 2171 1652 2232 dje

63 2247 201 2302 “nummi
213 2242 425 2316 mmmm?
878 2274 966 2348 festo,
977 2273 1025 2334 vel
1036 2275 1070 2334 iu
1080 2268 1477 2349 Quadragcsima,nonideo
1487 2263 1653 2327 ermmittit

99 2361 138 2421 R.
151 2361 180 2439 ἓ.
195 2361 224 2421 2.
244 2360 446 2439 sacrilegium
462 2361 676 2436 committitur,
690 2359 831 2438 quumvis
879 2367 1085 2446 sacrilegium,
1117 2367 1189 2446 quia
1224 2363 1357 2444 (proprie
1390 2359 1555 2440 loquendot
1587 2373 1652 2416 non

63 2452 119 2522 ille,
136 2454 226 2532 cujus
245 2471 295 2514 res
318 2458 374 2529 est,
396 2454 586 2515 consentiat:
609 2473 640 2515 v.
659 2471 691 2531 g.
708 2452 829 2513 sacrile-
878 2465 1001 2540 tempus
1034 2462 1159 2539 ipsum,
1190 2458 1244 2518 sed
1277 2475 1326 2517 res
1355 2457 1388 2515 in
1417 2459 1557 2531 tempore
1589 2450 1652 2509 Deo

61 2546 143 2623 gum
167 2551 216 2606 est
240 2545 404 2626 profanare
427 2547 604 2622 Ecclesiam,
623 2546 696 2606 licet
717 2545 830 2624 impius
880 2557 1050 2627 sacrantem
1076 2552 1212 2630 Gastrop.
1237 2549 1265 2628 ἕ,
1288 2550 1318 2610 E.
1338 2566 1368 2609 n.
1386 2549 1435 2609 tt.
1452 2545 1536 2604 Esset
1546 2548 1652 2602 tamen

62 2639 148 2717 Papa,
165 2638 218 2698 vel
241 2639 408 2718 Episcopus
420 2639 561 2718 iuberet,
577 2638 771 2713 saculegium
785 2643 831 2698 est
881 2644 1018 2724 specialis
1044 2643 1255 2714 irreverentia,
1282 2659 1314 2700 v.
1334 2659 1362 2718 g.
1383 2655 1457 2716 erga
1470 2635 1650 2696 Passionem

61 2735 228 2810 percutere,
251 2731 392 2809 utramvis
413 2730 585 2792 consentiat
607 2729 741 2790 Clericus
759 2747 829 2809 per·
882 2737 1005 2811 Christi,
1036 2737 1153 2816 siquis
1178 2735 1227 2796 die
1248 2733 1377 2794 Veneris
1397 2733 1501 2791 sancto
1524 2727 1652 2788 haberet

60 2840 182 2896 cussus3
213 2823 372 2897 reticeat,
398 2823 471 2902 quia
498 2823 600 2884 adhuc
618 2821 760 2898 fitlaasio,
776 2839 830 2882 seu
879 2829 1049 2891 ludriacam
1062 2827 1257 2899 comoediam,
1274 2825 1320 2887 uti
1333 2828 1415 2884 recte
1429 2819 1541 2882 Tamb.
1556 2839 1585 2880 a.
1600 2820 1649 2878 12.

60 2913 171 2993 injuria
185 2915 230 2976 rei
243 2915 349 2976 dicatae
372 2916 434 2976 Deo
448 2915 488 2976 ad
503 2915 598 2976 talem
612 2914 765 2975 actionem
778 2914 830 2974 in·
919 2921 945 3000 g.
962 2924 993 2983 7.
1009 2921 1114 3000 Aliqui
1125 2925 1247 3001 putant,
1260 2916 1458 2978 violationem
1476 2912 1650 2991 cujuscum—
1676 2923 1715 2983 55

59 3008 128 3084 rito,
143 3009 191 3068 ita
204 3007 341 3087 Castrop.
358 3014 380 3067 t.
398 3010 445 3072 t't.
461 3006 491 3068 d.
508 3009 536 3068 ⁹2.
549 3027 585 3088 p.
602 3009 632 3068 3.
647 3005 675 3084 ξ.
693 3009 722 3067 l.
881 3031 942 3094 que
963 3015 1039 3086 voti,
1065 3033 1096 3073 v.
1118 3031 1150 3091 g.
1175 3013 1202 3072 si
1224 3011 1294 3092 quis
1313 3008 1407 3070 violet
1419 3011 1528 3067 votum
1542 3003 1653 3066 danda

5 3091 39 3153 50
95 3100 124 3178 §.
141 3101 172 3160 2.
191 3100 450 3180 Sacrilegiumest
463 3100 527 3161 vlnr
541 3099 655 3160 inferre
675 3097 828 3175 Ecclesia,
881 3103 1097 3186 eleemosynae,
1122 3122 1187 3189 rssr
1212 3101 1416 3180 sacrilegium,
1440 3099 1512 3178 quia
1534 3113 1653 3175 reaper

58 3191 105 3252 vel
118 3191 337 3252 innocentibus
358 3193 392 3252 in
414 3209 451 3253 ea
474 3191 694 3266 existentibns;
710 3191 831 3252 etiamsi
880 3205 989 3261 votum
1014 3203 1059 3259 ert
1085 3199 1148 3258 Deo
1174 3196 1283 3268 dicata,
1310 3211 1384 3272 ergo
1407 3191 1462 3271 qui
1481 3189 1586 3261 violat,
1608 3191 1653 3248 est

58 3283 152 3344 instar
181 3285 260 3344 arcis
286 3285 409 3346 munita
443 3289 521 3345 esset
554 3284 592 3345 ad
621 3282 831 3344 defensionem
881 3293 1063 3370 sacrilegus:
1085 3290 1147 3351 Sed
1169 3289 1259 3350 Suar.
1287 3279 1651 3346 distentatione.

58 3376 270 3445 innocentum,
283 3375 828 3456 quisealiterdefendcrenequeunt:
881 3404 911 3445 η,
937 3386 987 3446 43,
1016 3381 1216 3462 probabiliter
1233 3383 1359 3458 negant,
1386 3375 1460 3456 quia
1475 3373 1651 3454 pecuniam,

60 3467 92 3529 Si
115 3473 224 3530 umen
250 3474 329 3530 essct
355 3469 478 3529 munita
502 3469 542 3529 ad
561 3468 625 3528 vim
639 3467 832 3529 inferendam
882 3494 977 3556 quam
991 3475 1103 3537 vovisti
1117 3475 1190 3535 dare
1204 3471 1343 3552 pauperi,
1357 3469 1498 3530 nondum
1512 3471 1654 3527 censetur

57 3560 209 3636 hostibus,
245 3561 350 3622 liceret
383 3578 573 3640 expugnare
610 3560 745 3636 diruere,
783 3561 832 3622 vel
882 3587 947 3630 csse
961 3585 1010 3628 rcs
1023 3569 1086 3628 Deo
1100 3566 1213 3638 dicata,
1231 3565 1284 3626 sed
1298 3569 1421 3624 tantum
1440 3566 1545 3622 estres
1559 3559 1653 3620 desti-

57 3653 233 3727 incendere,
264 3653 305 3713 stt
330 3671 402 3714 cum
427 3653 494 3713 alfii
522 3653 630 3732 Steph·
660 3659 683 3713 i·
704 3654 734 3713 3·
751 3653 783 3713 d·
800 3655 830 3714 3·
881 3667 955 3722 nata
975 3659 1015 3722 ad
1033 3659 1246 3721 executionem
1264 3657 1340 3729 voti,
1368 3673 1424 3736 per
1442 3654 1526 3732 quod
1539 3669 1604 3712 non
1617 3651 1654 3712 fit

58 3763 89 3806 a.
113 3747 167 3807 55.
193 3745 310 3806 addens
332 3744 453 3806 licitum
478 3761 543 3806 esse
561 3744 713 3805 abducere
727 3745 833 3807 omnia
882 3771 977 3826 sacra,
993 3769 1067 3830 ergo
1080 3756 1204 3812 tantum
1224 3749 1400 3829 peccabitur
1419 3747 1532 3806 directe
1547 3748 1652 3804 eontra

58 3855 156 3912 aima,
182 3843 213 3899 ei
236 3842 393 3898 imment&
417 3835 526 3897 bellissa
545 3835 584 3897 ab
597 3836 747 3910 Εθθίθὸἱὶὓ,
762 3855 832 3915 quae
881 3844 1059 3905 fidelitatem
1088 3844 1149 3902 Deo
1175 3841 1321 3912 debitam,
1349 3857 1414 3900 non
1427 3842 1533 3898 autem
1547 3841 1654 3896 ecnua

58 3930 101 3990 ihi
128 3929 256 3992 collecta
282 3935 371 4006 sunt,
405 3945 446 3990 ne
475 3929 618 3991 videlicet
648 3928 745 3989 hostis
771 3929 832 3990 illis
881 3954 949 3998 rem
964 3936 1101 4015 aliquam
1124 3936 1186 3994 Deo
1205 3937 1366 4007 mercum,
1383 3930 1468 4010 quod
1480 3929 1520 3989 ad
1533 3927 1653 3988 sacrile-

59 4028 178 4084 utatur.
881 4031 969 4109 gium
982 4028 1161 4109 requiritur.

5 4103 33 4164 5¹
98 4116 128 4194 §.
144 4117 176 4176 3.
196 4113 309 4176 Valent.
331 4121 358 4174 et
378 4113 433 4176 clii
446 4119 559 4194 putant
572 4110 725 4174 committi
738 4113 831 4173 sacri-
1154 4165 1304 4226 DUBIUM
1325 4165 1369 4225 ΠΙ

58 4207 188 4288 legium,
217 4208 243 4266 si
269 4205 339 4285 quis
360 4205 569 4267 Ecclesiastico
583 4204 703 4264 iuretur
716 4205 832 4284 aliquid
1372 4211 1378 4226 '

58 4299 151 4362 titulo
165 4299 372 4360 Ecclesiastico
387 4297 583 4377 acqrrisitum,
598 4315 629 4358 v.
643 4315 676 4376 g.
687 4315 744 4376 per
758 4299 834 4359 reci·
1166 4291 1209 4342 ⁰0
1226 4286 1367 4340 Sim-²⁹⁰·

58 4393 211 4454 tationem
225 4391 379 4452 Horarum
393 4391 427 4451 in
438 4391 550 4462 Chora,
567 4389 620 4450 sed
640 4389 728 4450 Azor.
741 4389 831 4452 Scor.
1063 4419 1089 4480 Α
1104 4419 1127 4480 R
1140 4419 1165 4479 Τ
1179 4419 1193 4478 1
1208 4418 1231 4478 Ο
1247 4415 1346 4478 ULU
1362 4415 1382 4475 5
1427 4414 1463 4474 1⁰

57 4493 84 4545 et
116 4484 254 4564 Castrop.
282 4501 376 4562 supra
396 4481 586 4563 probabilius
611 4487 737 4561 negant,
762 4483 835 4562 qrria

58 4577 185 4638 nullum
199 4577 216 4638 J
219 4594 256 4636 us
269 4575 349 4638 circa
365 4576 426 4636 hoc
443 4574 600 4636 invenitur
617 4573 722 4635 favens
735 4575 834 4654 magis

57 4669 201 4747 personis
214 4667 441 4744 Ecclesiasticls,
462 4684 556 4746 quam
576 4666 783 4728 sacularibus.
801 4669 833 4730 Si
926 4671 949 4701 “
978 4667 1073 4744 Resp.
1100 4665 1137 4727 1.·
1153 4655 1349 4725 Simoniaest
1362 4661 1498 4723 studiosa
1510 4661 1654 4721 voluntas
1678 4657 1718 4718 56

56 4765 167 4822 tamon
189 4761 376 4820 lederentur
398 4759 491 4834 hona,
517 4775 587 4837 quae
609 4777 675 4818 non
690 4760 833 4820 sunteub
884 4757 1019 4834 emendi,
1049 4763 1104 4818 aut
1126 4755 1282 4818 vendendi
1308 4755 1406 4834 pretio
1426 4753 1590 4833 temporali
1602 4753 1655 4814 ali-

57 4852 202 4914 dominic
215 4851 428 4928 Ecclesiastici,
446 4852 499 4913 sed
513 4856 636 4912 tantum
649 4857 723 4911 sunt
736 4852 832 4931 dcpu-
884 4851 958 4930 quid
979 4849 1149 4929 spitituale,
1177 4848 1226 4908 vel
1252 4846 1404 4926 spirituali
1427 4863 1597 4907 annexum.
1616 4847 1652 4906 D.

56 4949 123 5005 tata
139 4945 262 5005 servitio
274 4943 426 5020 Ecclesia,
440 4948 494 5004 aut
503 4943 674 5023 specialiter
687 4943 835 5006 attributa
884 4943 944 5002 Th.
960 4943 991 5002 2.
1007 4943 1037 5002 2.
1054 4960 1084 5021 q.
1104 4941 1172 5002 100.
1188 4958 1217 5000 a.
1235 4943 1264 5002 t.
1280 4941 1357 5019 Lay.
1374 4938 1394 4998 l.
1411 4940 1442 4998 t.
1458 4945 1498 4998 tr.
1514 4938 1563 4999 10.
1580 4956 1605 4998 c.
1622 4939 1651 4998 8.

20 5057 23 5068 ¹
57 5036 277 5096 sustentationi
292 5036 506 5096 Ministrorum
521 5035 598 5113 ejus,
621 5041 748 5096 censent
762 5037 834 5097 Cas-
883 5043 937 5096 etr.
968 5034 1086 5094 Dicitur
1108 5036 1137 5093 t.
1174 5031 1312 5093 Voluntas
1335 5028 1655 5108 mendicantibus

57 5133 144 5208 trop.
161 5133 193 5188 et
204 5127 313 5187 Tamb.
330 5125 351 5187 l.
367 5129 396 5188 2.
413 5145 440 5188 r.
451 5129 481 5188 6.
497 5127 525 5206 ἓ.
536 5129 564 5188 3.
576 5145 607 5188 n.
623 5128 653 5188 9.
667 5126 733 5188 lore
744 5129 836 5189 sacri-
883 5127 985 5188 verbis
1003 5125 1186 5204 intelligitur
1196 5124 1296 5204 quivis
1309 5127 1482 5185 contractus
1492 5139 1651 5196 onerosus,

8 5269 12 5276 .
55 5221 191 5300 legium,
214 5237 280 5280 non
307 5219 452 5280 adversus
478 5237 659 5300 personam,
689 5219 741 5280 sed
765 5239 834 5281 rem
883 5220 946 5280 sive
956 5218 1151 5291 venditionis,
1176 5217 1239 5278 sive
1257 5216 1428 5288 locationis,
1448 5215 1512 5275 slve
1525 5233 1652 5294 permu-

56 5330 191 5374 secram.
221 5312 358 5378 Quodsi
385 5310 468 5373 bona
494 5316 616 5372 tantum
635 5316 754 5372 remota
771 5312 832 5374 sint
883 5311 1030 5387 tationis,
1066 5315 1121 5370 aut
1155 5308 1413 5382 renuntiationis;
1455 5307 1528 5386 quia
1559 5307 1653 5368 simo-

55 5404 212 5466 destinata
237 5402 390 5481 Ecclesiae,
414 5423 444 5464 v.
469 5422 501 5483 g.
526 5421 581 5482 per
599 5408 829 5481 testamentum,
880 5404 933 5464 nia
946 5421 1011 5464 non
1025 5401 1163 5462 consistit
1181 5401 1248 5461 sine
1266 5399 1406 5479 pactione
1424 5399 1528 5476 aliqua
1548 5400 1649 5473 tacita,

55 5499 114 5558 sed
129 5496 263 5557 necdum
276 5513 424 5575 possessa,
441 5493 578 5556 Besemb.
594 5513 633 5556 ex
645 5493 827 5558 SuanFr'll.
879 5496 929 5557 vel
962 5511 1127 5574 expressa,
1172 5497 1203 5554 et
1240 5491 1427 5571 obligatione
1461 5509 1500 5552 ex
1533 5498 1647 5571 pacto:

55 5588 167 5670 Regin.
182 5588 306 5650 resolvit
314 5589 410 5651 ctiam
419 5586 490 5650 cum
505 5587 582 5650 Lesa.
601 5587 702 5650 Valeo.
718 5595 747 5648 et
758 5587 832 5649 attis
879 5588 963 5668 quod
976 5586 1068 5663 addo,
1083 5585 1156 5665 quia
1169 5583 1314 5661 obligatio
1326 5579 1476 5644 natiualis
1489 5601 1648 5662 quaecum-

1081 4544 1160 4616 (tuid
1177 4547 1217 4600 stt
1234 4549 1263 4600 et
1280 4539 1451 4614 quotuplex.
