4200 6348
394 397 460 488 ‚rs
1017 383 1131 443 ursan
1158 380 1403 443 racusanus.

422 569 452 624 et
488 559 703 622 abolevimus:
731 557 830 634 deque
873 553 999 624 eisdem,
1025 556 1056 612 et
1083 549 1192 610 simili·
1241 548 1368 610 Melinos
1382 547 1490 609 habitu
1505 547 1694 627 peanitentiae
1711 547 1839 610 indutus
1851 551 1999 630 predictos

421 657 479 716 bus
493 654 660 726 omnihus,
700 654 731 711 et
753 647 881 726 singulis
913 645 1039 726 pestlrac
1066 661 1191 724 quoquo
1241 659 1371 716 errores,
1388 647 1418 702 et
1431 641 1565 701 haereses
1580 640 1699 720 publice
1716 641 1897 720 abjurasset,
1912 637 2024 706 lacui-⁴

422 746 514 806 modo
525 741 683 822 loquendi,
699 737 863 804 scribendi,
880 734 1067 814 disputandi,
1081 751 1192 810 easque
1241 739 1335 794 tatem
1348 734 1489 796 dedimus
1504 733 1614 794 dilecto
1630 733 1694 794 filio
1709 736 1806 795 nestri
1824 737 1926 797 Sancti
1938 738 2001 798 effi-

421 837 576 912 credendi,
606 833 742 905 tenendi,
773 830 915 904 docendi,
939 833 993 888 aut
1018 827 1051 887 in
1073 826 1193 905 praxim
1242 826 1279 886 cii
1304 827 1528 902 commissario,
1544 833 1580 887 ut
1599 844 1672 888 eum
1692 847 1710 888 a
1730 829 1879 905 censuris,
1902 830 2003 908 quihus

421 929 588 993 reducendi
605 927 781 988 facultatem
800 922 1044 1002 quibuscumque
1063 917 1192 979 interdi-
1242 919 1408 981 innodatus
1427 926 1503 996 erat,
1522 921 1555 980 in
1580 920 1680 981 terma
1702 921 1843 982 Ecelcsiae
1867 929 2003 984 consueta

422 1025 536 1097 ximus,
553 1028 583 1083 ct
602 1018 879 1084 contrafacientes,
895 1013 1039 1075 omnibus
1054 1011 1192 1090 [lignita-
1242 1013 1431 1088 absolveret;
1448 1032 1517 1092 quae
1532 1013 1637 1074 omnia
1650 1014 1684 1074 in
1698 1016 1912 1076 executionem
1926 1016 2003 1076 dicta

421 1118 514 1190 tibus,
549 1114 710 1188 Gradihus,
747 1108 934 1183 Honoribus,
971 1105 1138 1180 ueneficiis,
1164 1108 1194 1163 et
1243 1111 1354 1165 nostras
1370 1106 1572 1167 ordinationis
1587 1107 1636 1167 die
1651 1108 1869 1188 llSeptemhris
1885 1108 2005 1170 labentis

422 1210 536 1273 Officiis
563 1210 630 1289 ipso
658 1207 737 1266 iacto
764 1208 913 1283 perpetue
937 1198 1136 1281 privavimus,
1164 1202 1195 1258 et
1242 1199 1317 1259 anui
1330 1199 1508 1261 solemniter
1521 1201 1687 1280 adimpleta
1700 1206 1784 1261 saint.
2099 1202 2100 1205 ’

421 1303 573 1366 inhabiles
588 1303 626 1362 ad
639 1315 842 1379 quaecumque
863 1294 1065 1366 decrevimus,
1086 1292 1193 1352 vincu-
1285 1292 1498 1373 Etlicetsnpra
1512 1299 1671 1355 narratum
1678 1293 2007 1355 Decretumdclllauda-

422 1397 513 1477 loque
534 1396 628 1457 etiam
639 1390 867 1454 anathemathis
891 1407 927 1448 eo
941 1388 1006 1466 ipso
1032 1385 1193 1445 innodavi·
1243 1386 1851 1466 tonostrelatumadmajoremfidelium
1865 1386 2007 1447 cautelam

422 1510 502 1566 mus,
531 1507 647 1568 aquo,
677 1485 738 1546 nisi
763 1502 783 1543 a
813 1481 912 1556 nohis,
938 1485 969 1540 et
995 1497 1014 1538 a
1050 1477 1195 1538 Romanis
1244 1478 1325 1558 typis
1339 1479 1456 1539 editum
1470 1479 1601 1559 puhlicis
1614 1480 1690 1540 loc-is
1709 1480 1839 1542 affixum
1862 1483 1894 1541 et
1918 1479 2006 1540 divid

421 1582 621 1645 Pontificibus
636 1575 866 1642 successorihus
880 1573 992 1636 nostris
1005 1572 1127 1632 valeant
1140 1569 1194 1630 ab·
1244 1572 1466 1648 gatumfuerit3
1476 1573 1725 1634 nihilominnsne
1734 1573 2007 1653 hujusApostolica

404 1678 509 1739 solvi.
525 1679 677 1736 Praeterea
698 1670 808 1732 eedem
828 1672 934 1728 nostro
949 1667 1075 1726 Decreta
1089 1664 1195 1744 prohi·
1245 1664 1450 1726 damnationis
1464 1668 1615 1727 memoria
1629 1666 1740 1727 futuris
1756 1666 1951 1746 temporibus
1964 1667 2007 1728 de

422 1770 564 1844 buimus;
577 1773 607 1828 et
619 1763 837 1827 damnavimus
847 1757 1068 1824 emneslibros,
1079 1758 1196 1817 omnia·
1244 1757 1302 1819 leri
1315 1761 1419 1839 possit,
1435 1764 1532 1839 utque
1547 1760 1679 1839 populus
1699 1759 1890 1820 Christianus
1906 1761 2006 1821 Cathe-

423 1882 483 1942 que
511 1879 616 1942 opera,
653 1873 849 1937 quocumque
884 1853 962 1924 loce,
989 1857 1019 1912 et
1051 1851 1197 1911 idiomate
1245 1851 1304 1912 lica
1337 1852 1466 1913 veritate
1498 1852 1677 1913 instructior
1707 1871 1763 1932 per
1798 1854 1883 1914 viam
1916 1855 2009 1915 salutis

422 1955 581 2035 impressa,
591 1971 648 2013 neo
658 1969 723 2011 non
733 1949 837 2010 omnia
845 1944 1196 2025 blanuscriptaejusdem
1245 1944 1387 2007 incedere
1411 1946 1522 2022 valcat,
1553 1946 1813 2009 Proedeoessorum
1840 1955 2010 2010 nostrorum

423 2047 578 2111 Michaelis
602 2045 637 2106 de
652 2042 785 2116 Melinos,
808 2040 1035 2118 vetuimusquc,
1051 2056 1091 2097 nc
1115 2038 1195 2116 quis,
1247 2039 1447 2100 Summarum
1462 2039 1646 2099 Pontificum
1661 2039 1795 2118 vestigiis
1817 2041 2008 2118 inhaerentes,

424 2143 644 2223 cujuscumque
662 2136 786 2217 gradus,
807 2133 1001 2204 conditionis,
1027 2131 1075 2190 vcl
1089 2136 1195 2203 status
1247 2131 1305 2192 hac
1332 2139 1437 2193 nostra
1464 2138 1612 2212 perpetuo
1641 2132 1771 2193 valitura
1794 2134 2010 2196 Constitutione

425 2237 518 2298 etiam
532 2232 655 2313 speciali
670 2235 744 2290 nota
755 2229 878 2306 dignus,
891 2227 1002 2286 audeat
1016 2224 1074 2285 sub
1089 2224 1198 2303 quovis
1247 2226 1457 2304 supradictum
1487 2227 1649 2286 Decretum
1673 2225 1776 2287 denne
1799 2229 2009 2308 approbamus.

424 2334 585 2409 praetextu,
603 2323 740 2404 quolibet
755 2321 869 2401 pariter
883 2319 1039 2392 idiomate,
1057 2317 1120 2376 sive
1139 2315 1197 2376 suh
1247 2323 1477 2394 centirmamus,
1487 2319 1638 2379 etdcbitoe
1653 2321 1827 2381 executioni
1837 2323 1920 2382 tradi
1934 2341 2011 2382 mau-

425 2422 562 2501 ejusdem
582 2416 693 2491 vcrhiS,
709 2415 766 2475 suh
785 2412 964 2492 aequalihus,
982 2415 1036 2470 out
1050 2409 1197 2488 aequipol-
1247 2411 1368 2487 damus,
1382 2412 1495 2472 iterum
1510 2413 1698 2491 supradictas
1712 2414 2012 2492 Prepesitienesdefi-

425 2514 570 2592 lentibus,
593 2511 655 2570 sive
676 2508 791 2587 absque
813 2505 950 2578 nemine,
970 2521 1024 2564 seu
1045 2503 1126 2573 ficto,
1145 2506 1199 2562 aut
1247 2504 1342 2565 uitive
1353 2505 1545 2581 damnantes,
1555 2505 1804 2585 etreprobantes,
1812 2507 1978 2588 librosque,
1988 2513 2014 2569 et

425 2608 526 2669 aliene
541 2603 668 2666 nomine
683 2621 719 2662 ea
740 2599 880 2678 imprimi
898 2598 1008 2670 lacere,
1025 2613 1124 2673 neque
1139 2595 1198 2655 im·
1248 2597 1455 2678 Manuseripta
1483 2597 1621 2677 ejusdem
1649 2597 1809 2659 Michaelis
1836 2599 1872 2660 de
1901 2602 2013 2662 Molr'rres

426 2719 540 2781 pressa,
561 2716 615 2757 scu
638 2693 848 2771 manuscripta
867 2691 980 2768 legere,
996 2689 1046 2748 vel
1063 2688 1146 2767 apud
1167 2705 1198 2747 se
1247 2691 1456 2770 prohibentes,
1471 2697 1501 2751 et
1516 2691 1733 2752 interdicentes
1747 2691 1805 2752 sub
1819 2693 1938 2755 eisdem
1957 2713 2013 2775 poe-

426 2794 568 2866 retinere,
581 2786 814 2851 sedOrdinariis
825 2781 1198 2856 locorum,authaereticae
1248 2784 1306 2856 nis,
1324 2791 1354 2845 et
1363 2785 1501 2846 censuris
1515 2791 1622 2845 contra
1645 2790 1888 2864 transgressores
1910 2789 1977 2848 latis
1989 2794 2015 2848 et

427 2885 584 2968 pravitatis
614 2879 850 2960 Inquisitorihus
878 2877 981 2937 statim
1007 2876 1140 2946 tradere,
1170 2878 1200 2934 et
1249 2877 1383 2938 inflictis.

427 2979 608 3056 consignare
631 2979 806 3046 teneantur,
824 2970 881 3030 sub
896 2969 1011 3029 eisdem
1034 2967 1133 3047 paenis
1147 2986 1199 3027 su·
1289 2972 1493 3032 Decernentes
1511 2971 1637 3049 insuper
1647 2975 1813 3049 praesentes
1827 2971 1933 3035 literas
1946 2991 2016 3035 sem·

427 3072 532 3154 perias
546 3068 682 3144 inflictis,
699 3066 753 3145 qui
777 3061 940 3125 Ordinarii.
958 3066 988 3122 ct
1003 3060 1200 3140 inquisitores
1248 3082 1304 3143 per
1317 3070 1348 3124 et
1360 3070 1509 3144 perpetuo
1524 3062 1640 3124 validas
1652 3068 1682 3122 et
1694 3063 1830 3125 efficaces
1846 3067 1977 3128 existere
1990 3073 2016 3128 et

429 3168 532 3225 statim
547 3181 583 3223 ca
603 3160 669 3239 igni
683 3157 824 3219 comburi
838 3156 961 3215 faciant.
1248 3157 1324 3234 lore,
1349 3173 1481 3236 suesque
1505 3156 1661 3237 plenarios
1685 3161 1715 3216 et
1738 3158 1877 3236 integros
1897 3161 2016 3222 effectus

468 3257 608 3317 Tandem
631 3259 667 3313 ut
685 3251 850 3332 praedictus
865 3246 994 3308 illichacl
1011 3245 1047 3307 cle
1061 3247 1198 3323 Melinos,
1249 3252 1364 3326 sortiri,
1385 3257 1416 3312 et
1442 3250 1591 3318 obtinere,
1623 3251 1726 3328 sicque
1740 3268 1796 3328 per
1810 3271 2016 3334 quoscumque

428 3351 621 3424 obhaereses,
638 3363 767 3420 errores,
782 3349 812 3403 et
825 3341 930 3420 turpia
949 3340 1028 3400 facta
1042 3341 1197 3419 praedicta,
1246 3345 1366 3423 judices
1381 3344 1563 3418 ordinarios,
1574 3348 1604 3402 et
1616 3342 1781 3421 delegatos,
1793 3347 1901 3424 quavis
1918 3347 2018 3408 autho

429 3445 540 3504 debitis
554 3441 654 3521 parnis
664 3439 697 3498 in
710 3438 843 3497 alierum
859 3434 1048 3513 exemplum,
1060 3439 1090 3494 ot
1104 3434 1200 3512 ipsius
1249 3438 1338 3498 ritate
1352 3438 1524 3516 irrogantes,
1541 3442 1571 3496 et
1584 3435 1744 3496 iuncturos
1764 3437 1881 3517 ubique
1891 3441 2018 3518 judicari

429 3537 676 3599 emendationem
700 3531 895 3611 plecteretur,
925 3528 1003 3587 lecto
1032 3527 1064 3585 ia
1092 3527 1198 3587 eadem
1250 3536 1280 3590 et
1300 3531 1421 3590 definiri
1444 3529 1565 3600 dehere,
1587 3535 1618 3588 et
1638 3529 1757 3588 sublata
1779 3530 1832 3598 eis,
1858 3538 2017 3595 eteorum

428 3636 534 3692 nostra
549 3627 865 3702 Conaregatiouetoto
878 3638 1032 3699 processu,
1047 3620 1201 3679 clauditis
1250 3622 1377 3684 cuilibet
1395 3623 1502 3702 quavis
1523 3622 1611 3683 aliter
1631 3621 1794 3700 judicandi
1817 3630 1848 3684 et
1870 3627 2017 3707 interpre-

429 3723 546 3784 dilcctis
574 3720 646 3780 liliis
676 3714 908 3778 Consulteribus
937 3718 1050 3772 nostrae
1081 3713 1200 3772 Sancta
1249 3717 1336 3777 tandi
1356 3717 1500 3776 facultate
1521 3720 1552 3774 et
1570 3715 1766 3786 authoritate,
1789 3734 1824 3776 ac
1847 3717 1974 3779 irritum
1992 3723 2018 3778 et

429 3813 637 3894 Inquisitionis
647 3809 745 3872 Officii
758 3809 792 3868 in
801 3825 887 3868 sacra
901 3805 1200 3882 nientogiaettnre
1250 3811 1342 3870 inane
1364 3809 1514 3888 quidquid
1537 3825 1623 3868 sceris
1643 3825 1735 3887 super
1758 3807 1806 3868 his
1826 3827 1844 3869 a
1865 3828 2019 3892 quoquam

428 3907 588 3968 Pontificio
609 3901 771 3982 Magistris,
788 3918 859 3961 arum
873 3898 1054 3960 eorumdem
1068 3897 1201 3958 Venera-
1250 3903 1358 3982 quavis
1391 3900 1576 3962 authoritate
1609 3900 1739 3960 scienter
1769 3901 1818 3961 vel
1843 3901 2019 3981 ignoranter

427 4001 536 4062 biliam
552 4001 693 4059 Fratrum
711 3999 888 4055 nostrorum
903 3993 934 4052 S.
952 3993 988 4052 R.
1003 3991 1038 4049 E.
1054 3991 1199 4051 Cardine-
1250 3995 1414 4073 contigerit
1431 3993 1586 4054 attentari.
1604 3992 1755 4053 Volumus
1776 4000 1881 4056 autem
1900 4004 1936 4058 ut
1950 4016 2020 4078 pres

426 4093 505 4154 lium
532 4091 674 4152 unanimi
701 4095 785 4164 voto,
815 4087 932 4146 dictum
968 4081 1137 4144 illicitaelem
1166 4083 1201 4145 de
1249 4089 1383 4148 sentium
1402 4086 1615 4165 transumptis,
1631 4086 1726 4146 etiam
1742 4086 1910 4166 impressis,
1927 4109 2017 4151 manu

430 4186 569 4260 Melinos,
585 4191 743 4262 tamquam
763 4198 853 4241 reum
873 4177 1058 4246 convictum,
1076 4182 1106 4237 et
1129 4197 1201 4238 con·
1250 4181 1368 4262 Notarii
1390 4179 1506 4260 pubhci
1529 4178 1718 4258 subscriptis.
1734 4185 1765 4239 et
1778 4181 1877 4259 sigillo
1892 4182 2019 4261 alicujus

427 4280 541 4340 lassum
557 4277 772 4356 respective,et
781 4274 828 4334 uti
835 4271 1017 4332 haereticum
1025 4269 1198 4348 formalem,
1249 4291 1410 4354 personna
1423 4273 1456 4333 in
1470 4272 1618 4350 dignitate
1629 4272 1833 4334 Ecclesiastian
1849 4277 2017 4336 constituta

427 4373 499 4434 licet
510 4371 722 4451 paenitentem,
739 4367 772 4425 in
783 4382 908 4445 paenam
921 4363 1007 4437 arati,
1021 4369 1051 4422 ct
1060 4365 1199 4443 perpetui
1250 4369 1389 4443 munitis,
1401 4367 1509 4428 cariem
1522 4365 1598 4426 fides
1612 4383 1738 4444 prorsus
1750 4366 1944 4444 adhibeatur,
1953 4386 2018 4448 quo

429 4465 569 4532 carceris,
593 4468 623 4524 et
645 4461 684 4522 ad
703 4459 890 4539 peragendas
911 4457 986 4516 alias
1007 4456 1201 4535 penitentias
1249 4460 1323 4540 ipsis
1337 4459 1539 4538 originalibus
1550 4458 1659 4518 litteris
1668 4458 1880 4534 adhiberetur,
1889 4461 2019 4522 siessent

429 4560 588 4631 salutares,
608 4554 723 4635 praevia
748 4559 853 4612 tamen
871 4549 1065 4640 adjuratione
1082 4548 1120 4610 de
1138 4549 1199 4610 for·
1250 4553 1410 4626 exhibita,
1440 4551 1489 4612 vel
1510 4557 1651 4612 ostensa.
1680 4550 1764 4611 Nulli
1792 4570 1866 4630 erge
1894 4553 2019 4614 omnine

429 4653 502 4712 mali
510 4644 986 4730 peripsumemittenda,servato
992 4641 1072 4719 juris
1080 4643 1199 4718 ordine,
1250 4647 1414 4708 hominum
1426 4645 1517 4706 hosat
1528 4645 1608 4704 hanc
1623 4645 1767 4724 paginam
1782 4651 1896 4706 nostrae
1909 4665 2018 4727 appro·

429 4743 664 4805 damnavimus:
677 4735 960 4800 lttandantcsutdie
976 4741 1007 4795 at
1019 4734 1202 4815 horapraefi-
1251 4740 1395 4814 bationis,
1415 4737 1667 4813 confirmationis,
1684 4737 1904 4814 damnationis,
1920 4757 2020 4818 repre·

429 4838 537 4917 gaudis
549 4832 722 4896 inEcclesia
732 4832 850 4892 Sanctae
863 4829 967 4890 htariae
978 4831 1077 4908 Supra
1091 4830 1203 4890 Miner-
1251 4829 1396 4902 battonis,
1407 4827 1587 4908 punitionis,
1597 4827 1726 4902 Decreti,
1739 4827 1907 4888 voluntatis
1916 4817 2031 4889 infun?

432 4948 505 4991 vam
518 4927 611 5005 hujus
625 4926 714 4986 almar
729 4924 829 4994 Urbis,
840 4921 1044 5002 presentibus
1058 4922 1204 4982 omnihus
1251 4941 1334 5000 gere,
1350 4922 1400 4982 vel
1414 4921 1443 4982 ei
1455 4939 1532 4981 ausu
1546 4920 1712 4981 temerario
1727 4921 1892 4984 couuaire.
1909 4920 2021 5000 Siquis

430 5019 663 5084 Venerabilibus
698 5016 856 5078 Fratribus
890 5015 1003 5075 nestris
1038 5015 1069 5075 S.
1100 5015 1136 5075 R.
1166 5015 1200 5074 E.
1252 5021 1355 5076 autem
1377 5014 1436 5074 hoc
1453 5017 1603 5074 attentare
1623 5014 1865 5093 presumpserit,
1885 5013 2021 5092 indigna·

431 5112 654 5185 Cardinalibus,
671 5115 701 5172 et
715 5111 863 5170 Romanae
878 5109 976 5169 Clariae
991 5113 1104 5168 nostra
1121 5108 1202 5168 Prae·
1252 5109 1369 5168 tionem
1384 5106 1611 5185 omnipotentis
1626 5107 1691 5181 Dei,
1704 5123 1740 5166 ae
1755 5107 1918 5168 Beatemm
1929 5105 2019 5180 Petri,

429 5209 520 5283 latis;
546 5206 754 5282 universoque
782 5201 897 5282 populo
921 5201 1012 5261 adid
1034 5201 1127 5261 etiam
1148 5219 1203 5280 per
1252 5206 1283 5261 et
1297 5201 1383 5260 Pauli
1405 5199 1623 5279 Apostolorum
1637 5199 1715 5277 ejus,
1732 5215 1765 5259 se
1780 5200 1902 5261 noverit
1922 5199 2022 5259 incur

430 5301 657 5364 concessionem
680 5295 906 5374 indulgentiam
932 5294 1203 5366 convocandam
1254 5311 1377 5354 surum.

431 5396 492 5457 alte
502 5400 593 5456 tenor
604 5407 772 5472 processus,
785 5387 924 5448 stanteis
934 5392 1079 5466 suggestu
1092 5385 1202 5448 eedem
1292 5389 1405 5448 Datum
1426 5387 1543 5462 Romae,
1559 5386 1642 5466 apud
1657 5387 1689 5447 S.
1715 5383 1847 5447 Mariam
1865 5385 2018 5464 najaram,
2095 5433 2096 5438 1

430 5485 572 5549 Michaele
595 5483 630 5548 de
648 5482 865 5556 Melinos,una
878 5479 1116 5542 cumscntentia
1131 5480 1204 5541 inde
1253 5499 1335 5540 anne
1353 5479 1576 5540 lneamationis
1600 5477 1767 5540 Dominicae
1787 5481 1877 5556 seer,
1899 5479 1934 5538 n
1954 5476 2018 5538 Kal.

431 5583 561 5660 sequuta
587 5579 742 5657 legeretur
771 5594 778 5634 :
804 5580 834 5634 at
863 5578 1027 5654 postquam
1060 5572 1144 5634 idem
1168 5570 1205 5634 (le
1255 5571 1619 5648 Deccmh.,Pontificatus
1628 5571 1818 5634 aestriaune
1831 5569 2017 5634 duodecimo.
