3946 6344
359 456 420 518 ⁵40
997 465 1047 526 nn
1074 463 1303 526 susurrare

360 623 565 702 approbantes
579 643 648 687 eam
662 627 816 688 actionem
829 631 964 708 grantes
973 631 1126 710 peccami-
1176 630 1213 692 de
1227 628 1294 688 loro
1308 624 1463 706 Episcopi,
1484 628 1520 682 ut
1538 618 1673 701 probunt
1685 613 1823 678 Menoch.
1835 612 1871 674 nt.
1881 617 1897 674 t.

361 733 558 792 nosam,cum
569 726 735 797 peractum
747 723 977 801 complacentia
987 729 1018 783 et
1031 723 1128 784 deleo·
1175 719 1211 782 dc
1224 719 1324 782 Artis.
1340 736 1397 778 cns.
1412 719 1462 778 69.
1479 735 1510 776 n.
1527 715 1576 774 33.
1593 711 1708 789 aliique
1724 723 1799 768 cum
1812 705 1900 766 barba

360 807 486 868 tationis
498 810 627 871 tendant
649 812 741 872 simul
754 813 787 873 in
801 814 903 890 illam:
926 816 989 875 imo
1004 816 1128 875 solvunt
1176 812 1293 874 collect.
1307 831 1338 872 n.
1361 813 1380 870 s
1407 815 1437 869 et
1452 810 1488 870 dc
1505 804 1591 887 Olfic.
1607 802 1713 884 Episc-
1739 797 1821 879 allel·
1832 799 1866 859 82·
1881 819 1898 859 t·
1943 859 1944 890 ,

360 901 523 978 agentibus
536 905 721 974 mercedem,
745 904 860 982 favent,
880 908 1082 987 applaudunt,
1097 913 1128 968 et
1177 908 1225 967 tt.
1239 903 1261 965 ¹.

360 991 418 1052 boc
445 993 512 1073 ipso
539 1004 754 1076 cooperantur,
770 1001 911 1078 quamvis
937 1000 1021 1061 enim
1048 1002 1127 1062 actio
1416 1011 1645 1078 ARTIGULUS
1665 1011 1707 1074 11.

360 1093 530 1164 poneretur
555 1090 620 1150 sine
645 1090 717 1167 Μ’
745 1097 850 1153 ΜΘΗ
873 1093 973 1154 adhue
998 1093 1127 1174 POSitive
1178 1155 1225 1206 An
1241 1157 1268 1205 ct
1286 1147 1405 1220 quando
1435 1143 1612 1202 scandalunt
1627 1143 1786 1212 passivum
1811 1142 1944 1218 penntttiqq

361 1185 561 1256 concurrunt,
576 1188 613 1242 ut
625 1189 770 1262 ponatur,
789 1186 871 1246 unde
894 1187 983 1246 sicuti
1006 1187 1058 1266 qui
1073 1187 1126 1247 ad·
1286 1237 1320 1261 ,Ι
1418 1227 1525 1286 ΗΜ
1551 1223 1697 1282 „mudum
1719 1221 1903 1277 mmmm
1943 1273 1944 1276 Ἴ

357 1269 461 1348 jungit
474 1291 506 1332 se
520 1273 589 1333 aliis
601 1275 708 1335 decem
718 1277 911 1339 trahentibus
922 1279 1043 1357 lignum
1056 1279 1130 1339 dici·
1210 1240 1317 1372 ῧὲἷὲἵί
1329 1237 1415 1369 {mm
1447 1246 1492 1286 Η
1541 1243 1568 1282 ²²
1700 1267 1708 1290 '
1769 1241 1783 1293 Ι

361 1367 413 1422 tur
426 1367 584 1444 cooperari
603 1369 758 1444 tractioni,
785 1369 857 1430 licet
879 1370 923 1431 illi
944 1372 1049 1431 decem
1073 1370 1129 1431 soli

361 1454 547 1518 sufficienter
567 1461 742 1536 traxissent,
772 1462 814 1522 ita
833 1463 920 1539 ethi,
936 1481 1010 1523 nam
1035 1463 1129 1523 ctiam
1220 1507 1240 1537 „
1258 1462 1349 1540 Resp.
1367 1461 1390 1520 1.
1407 1457 1545 1519 Permitti
1560 1473 1626 1516 nou
1649 1459 1753 1534 potest
1763 1452 1861 1530 absque
1874 1469 1905 1510 ne

360 1555 487 1628 propter
507 1549 564 1610 hos
591 1559 622 1611 et
641 1551 754 1612 horum
773 1555 939 1633 pecuniam
961 1560 1058 1634 agunt
1077 1574 1129 1615 co·
1178 1554 1332 1628 cessitate,
1361 1552 1412 1612 vel
1437 1551 1584 1624 utilitate,
1611 1547 1741 1627 propria
1762 1545 1809 1605 vel
1829 1543 1903 1605 alien.

362 1640 465 1702 moedi.
1179 1644 1627 1724 Reticest,quiatenemur'ex
1641 1639 1790 1700 charitate
1801 1637 1907 1715 impedire

279 1731 338 1790 tlt)
402 1734 431 1792 l.
447 1733 555 1794 Clerici
571 1753 655 1795 nunc
669 1738 845 1798 accedentes
865 1740 904 1799 ad
926 1739 1002 1800 tales
1016 1758 1129 1800 eomoe-
1180 1743 1305 1818 peccata
1320 1737 1465 1816 proximi,
1482 1735 1507 1795 si
1518 1735 1550 1794 id
1559 1732 1648 1793 facile
1664 1729 1822 1810 possimus.
1835 1730 1907 1807 layn.

362 1824 428 1884 dias
441 1833 570 1904 peccant
583 1828 709 1908 insuper
721 1831 841 1891 ratione
864 1832 966 1910 gravis
984 1832 1128 1893 scandali.
1182 1829 1204 1890 l.
1220 1832 1249 1890 d.
1263 1837 1283 1890 t.
1300 1832 1327 1890 3.
1343 1849 1368 1890 c.
1390 1830 1425 1889 ta
1439 1847 1477 1888 ec
1499 1825 1656 1888 communi.
1686 1822 1771 1884 Unde
1795 1820 1910 1882 rectene

361 1915 425 1976 Nec
439 1917 545 1997 refert,
575 1922 659 1998 quod
681 1922 772 1982 multi
793 1925 949 2000 accedant,
971 1943 1026 2004 per
1048 1927 1131 2005 quod
1181 1921 1229 1982 tte
1243 1941 1324 1982 cosae
1337 1941 1349 1982 .·

362 2026 483 2070 nunca
509 2012 652 2072 scandalo
682 2014 814 2075 Clericus
841 2033 986 2077 excusare
1022 2017 1132 2078 volunt
1223 2005 1910 2093 „Absqueransanonlicetpeteremutuunab

361 2099 453 2178 Cajet.
468 2103 580 2164 Sancb.
597 2105 688 2166 Barb.
703 2108 817 2168 Bonae.
834 2109 921 2169 Dian.
939 2109 1129 2171 Baldel.nnm
1180 2107 1323 2166 usurario
1337 2105 1431 2166 veleb
1446 2103 1563 2164 infideli
1568 2098 1911 2180 juramentumperlabts

361 2193 411 2252 vel
437 2194 504 2254 ideo
532 2198 656 2274 gravius
683 2201 918 2280 pensantque
943 2219 1005 2278 quo
1027 2201 1132 2281 plures
1181 2198 1269 2275 Deos,
1298 2217 1316 2259 a
1344 2196 1561 2259 concubinarie
1576 2193 1862 2254 administrationem
1879 2191 1913 2250 Sa·
1943 2187 1944 2192 ’

364 2285 472 2346 Clerici
486 2287 563 2347 ibia
587 2289 672 2351 laicis
698 2291 854 2366 videntur,
881 2311 918 2354 eo
942 2295 1041 2370 magis
1062 2295 1131 2356 laici
1181 2291 1343 2364 crementi,
1370 2290 1418 2350 vel
1432 2296 1467 2349 ut
1481 2287 1625 2366 celebret,
1643 2304 1718 2346 cum
1742 2285 1821 2346 enim
1833 2283 1912 2360 absque
1943 2367 1944 2370 Ἴ

363 2378 598 2454 confirmantur,
615 2388 651 2442 ut
664 2389 696 2443 et
708 2383 767 2463 ipsi
781 2385 924 2446 intersint
941 2386 1069 2446 liberius
1077 2388 1132 2447 sic-
1181 2389 1304 2462 peccato
1315 2383 1347 2443 id
1361 2401 1425 2443 nou
1439 2383 1478 2441 sit
1499 2380 1648 2451 tacturus,
1666 2379 1862 2458 cooperareris
1871 2376 1915 2453 ejus
1943 2451 1944 2468 χ

363 2488 423 2548 quc
436 2471 552 2532 incauti
562 2474 667 2536 vident
680 2482 711 2536 et
724 2477 867 2551 audiunt,
882 2496 939 2557 per
951 2477 1034 2557 quod
1049 2485 1131 2540 certo
1181 2481 1315 2554 peccato.
1332 2477 1411 2537 Suar
1452 2473 1564 2534 Sanch.
1582 2471 1685 2531 'Prull.
1702 2469 1723 2530 l.
1742 2474 1769 2531 t.
1786 2489 1809 2530 c.
1823 2472 1849 2530 6.
1861 2466 1882 2527 d.
1893 2469 1912 2526 i.
1943 2497 1944 2530 3

362 2569 491 2641 peccant
503 2566 685 2627 mortaliter.
1181 2587 1210 2629 n.
1230 2569 1279 2628 15.

279 2662 335 2723 Μ
402 2658 432 2715 5.
446 2656 661 2737 Baldel.putat
673 2677 738 2719 nou
753 2678 879 2739 peecare
889 2661 1095 2740 Magistratus,
1106 2661 1132 2721 si
1225 2705 1245 2735 ‚,
1262 2661 1351 2739 Resp.
1370 2659 1412 2718 II.
1430 2659 1475 2718 Ex
1498 2674 1589 2718 causa
1603 2655 1802 2731 necessitatis,
1818 2653 1860 2714 rel
1875 2652 1914 2710 uti-

363 2765 419 2827 pro
444 2748 547 2827 aliquo
570 2756 710 2830 tempore
733 2753 772 2812 ad
792 2753 952 2814 vitandam
970 2754 1003 2813 in
1018 2754 1132 2834 populo
1182 2751 1286 2818 litatis.
1316 2755 1417 2831 potest
1444 2749 1591 2829 permitti.
1620 2749 1712 2810 Patet
1726 2749 1760 2808 in
1774 2747 1845 2807 dicto
1858 2761 1915 2815 casu,
1943 2767 1944 2770 ¹

362 2839 513 2917 majorem
536 2841 694 2904 licentiam
734 2845 897 2904 Gomoedos
929 2848 1129 2924 permittant,
1182 2845 1236 2922 qui
1249 2844 1427 2923 simpliciter
1443 2843 1645 2921 sinepeccato
1659 2841 1730 2901 fieri
1743 2837 1944 2938 poteentia-A

362 2931 525 2993 taltsenim
534 2935 706 3012 permissio,
716 2954 787 3015 quae
793 2955 858 2996 non
871 2936 907 2997 fit
920 2937 1131 3018 approbando,
1183 2955 1242 3015 que
1255 2936 1326 2996 licet
1345 2935 1418 2994 talia
1441 2939 1546 3013 petere
1560 2952 1599 2994 ex
1613 2933 1760 2993 rationali
1780 2949 1869 3005 musa,
1881 2928 1918 2989 est
1943 2941 1944 2962 ³

364 3025 416 3086 sed
430 3030 552 3086 tantum
562 3046 601 3086 ex
611 3025 695 3105 justa
703 3047 795 3088 causa
808 3047 872 3090 non
886 3030 1054 3109 puniendo,
1069 3049 1133 3090 nou
1183 3029 1260 3089 alter
1274 3047 1312 3088 cx
1326 3046 1381 3088 sua
1391 3026 1508 3087 malitia
1520 3027 1560 3086 sit
1566 3031 1762 3106 peccaturus.
1773 3022 1917 3102 Requiritu
1942 3041 1944 3132 q

363 3118 485 3178 videtur
498 3118 604 3179 illicita
619 3140 626 3179 :
643 3138 659 3179 e
674 3125 780 3181 contra
794 3121 992 3182 Florentinus
1006 3127 1133 3183 conten·
1182 3127 1288 3181 autem
1303 3120 1402 3197 major
1413 3119 1588 3194 necessitas,
1604 3122 1641 3177 ut
1654 3117 1845 3196 permittatm
1856 3131 1919 3175 stan
1943 3133 1944 3204 j

362 3210 407 3270 dit
416 3211 535 3271 malum
548 3211 625 3271 illud
637 3212 750 3292 majus,
767 3214 850 3292 quod
871 3214 979 3274 evitari
995 3213 1130 3288 deberet,
1182 3213 1289 3274 datum
1303 3212 1496 3293 pusillorum,
1513 3229 1609 3290 quam
1630 3211 1833 3271 Pharisaicum
1848 3207 1918 3267 :iren
1942 3233 1944 3248 ,

362 3302 513 3380 assignari
526 3323 590 3364 non
604 3323 704 3383 posse,
720 3305 846 3366 deberet
860 3307 944 3366 enim
958 3323 1023 3366 esse
1033 3307 1133 3385 majus
1181 3306 1291 3384 major,
1305 3305 1330 3365 si
1338 3305 1442 3384 plures
1451 3305 1514 3364 sint
1524 3302 1793 3378 scandalizandis
1805 3303 1920 3362 timeatur
1943 3297 1944 3378 f

362 3399 532 3475 peccatum,
550 3405 634 3477 qnam
648 3397 731 3457 mala
744 3415 845 3477 puenae
858 3397 908 3459 vel
922 3399 1036 3458 damna
1058 3405 1134 3459 tem·
1181 3403 1341 3476 peccatum
1355 3415 1460 3475 grave,
1477 3401 1507 3456 ct
1534 3396 1682 3474 denique,
1708 3395 1735 3455 si
1751 3408 1826 3457 certo
1837 3389 1920 3472 pren
1942 3411 1944 3482 q

360 3486 478 3566 poralia
489 3506 555 3548 non
568 3487 681 3549 debent
692 3489 1013 3569 praeponderarimalo
1023 3489 1130 3571 culpae)
1182 3490 1302 3564 dentur,
1313 3507 1408 3569 quam
1419 3488 1504 3548 alias.
1524 3489 1637 3567 Laym.
1654 3495 1675 3548 t.
1693 3489 1724 3548 2.
1739 3485 1768 3548 d.
1783 3489 1810 3546 2.
1823 3504 1851 3566 q.
1864 3485 1889 3543 t.
1898 3499 1920 3562 p.
1943 3483 1944 3496 ¹

357 3579 425 3658 jam
438 3597 512 3640 vero
525 3585 613 3640 tanta
627 3588 673 3641 est
683 3580 818 3660 gravitas
832 3587 863 3643 et
881 3582 1048 3642 multitudo
1062 3601 1132 3663 pec·
1182 3584 1213 3643 2.
1228 3589 1255 3642 et
1270 3580 1299 3640 d.
1317 3585 1347 3643 3.
1363 3599 1394 3662 q.
1412 3584 1440 3641 t.
1452 3599 1485 3660 p.
1503 3582 1553 3640 tt.
1943 3653 1944 3660 ἵ

363 3677 515 3748 catorum,
535 3691 605 3752 quae
624 3680 790 3736 causantur
811 3693 866 3755 per
887 3675 943 3735 has
957 3677 1131 3748 commetes,
1224 3719 1245 3748 „
1274 3675 1369 3752 Resp.
1397 3673 1447 3733 Ill.
1477 3672 1574 3733 Debet
1596 3673 1754 3751 permitti,
1770 3672 1793 3731 si
1813 3667 1921 3746 alioqui
1943 3673 1944 3730 Τ

362 3765 477 3844 partim
488 3765 521 3825 in
536 3767 791 3846 componentibus
804 3766 1010 3844 electoribus,
1021 3769 1134 3848 partim
1183 3765 1307 3846 propria
1321 3766 1403 3825 salus
1417 3763 1656 3844 periclitaretur,
1671 3764 1723 3824 vel
1734 3764 1806 3838 aliis,
1819 3775 1921 3842 prm·
1943 3799 1944 3840 t

363 3858 396 3918 in
410 3858 632 3936 spectatoribus
646 3865 676 3919 et
694 3859 898 3934 auditoribus,
923 3865 959 3920 ut
985 3860 1134 3939 quidquid
1182 3859 1241 3918 tim
1255 3858 1481 3932 communitati,
1495 3875 1590 3936 grave
1602 3857 1755 3918 damnum
1767 3855 1920 3916 immineret.

363 3949 423 4008 alio
438 3949 505 4010 loco
530 3951 643 4011 harum
668 3952 893 4012 comoediarum
909 3967 1010 4012 essent
1023 3954 1132 4028 acturi,
1184 3952 1272 4013 Unde
1285 3951 1368 4010 bona
1382 3949 1556 4030 spiritualia
1576 3950 1750 4010 necessaria
1772 3949 1808 4008 ad
1819 3946 1921 4006 mluten

363 4059 429 4101 non
453 4042 633 4104 viderentur
654 4044 799 4123 ponenda
817 4049 863 4106 tot
884 4048 1011 4122 tamque
1029 4045 1134 4123 gravia
1183 4061 1240 4103 nec
1253 4042 1355 4117 debet,
1369 4060 1427 4103 nec
1440 4046 1542 4120 potest
1555 4041 1723 4121 quisquam
1737 4031 1923 4108 dimitterent

363 4139 499 4212 peccata.
1184 4135 1368 4213 cujusquam
1393 4133 1582 4195 scandalum.
1614 4135 1734 4196 Filiiuc.
1751 4143 1788 4193 tr.
1810 4131 1852 4193 28.
1867 4129 1921 4188 cb

280 4234 341 4294 att
405 4229 434 4288 6.
445 4228 532 4289 iuste
546 4234 648 4308 posset
660 4235 691 4289 et
706 4229 814 4290 merito
829 4229 955 4290 deberet
967 4229 1136 4308 Episcopus
1183 4247 1215 4287 n.
1228 4229 1297 4288 136.
1943 4217 1944 4226 ’

365 4318 464 4378 edicto
478 4337 534 4380 suo
548 4338 583 4380 ac
597 4321 796 4400 etiampoenis
804 4319 1013 4400 spiritualibus
1028 4337 1136 4400 cogere
1226 4365 1247 4396 ,‚
1264 4321 1354 4399 liesp.
1371 4319 1424 4378 IV.
1443 4319 1527 4379 Bona
1535 4319 1720 4398 spiritualia,
1737 4317 1775 4399 (et
1785 4311 1923 4377 secrmdutt
1943 4327 1944 4360 ³

364 4412 520 4472 comoedos
543 4413 583 4473 ad
612 4431 677 4473 non
704 4413 839 4492 agendas
862 4413 1047 4481 comoedias,
1076 4413 1136 4473 nisi
1184 4413 1311 4472 Lorcam
1323 4412 1406 4490 apud
1421 4411 1510 4472 Dian.
1521 4429 1558 4490 p.
1574 4413 1606 4471 5.
1628 4417 1670 4472 tr.
1687 4417 1717 4474 Ἰ.
1734 4430 1784 4472 res.
1798 4404 1925 4468 tecum
1942 4379 1944 4454 l

364 4502 477 4581 priusa
492 4505 650 4582 Deputatis
668 4506 852 4584 recognitas,
868 4505 911 4566 sic
924 4504 1133 4566 enimtecitS.
1184 4502 1376 4584 temporalia)
1393 4521 1457 4563 non
1480 4505 1654 4564 necessaria
1667 4503 1708 4564 ad
1728 4503 1854 4569 salutem,
1876 4509 1924 4554 ΜΕ

364 4593 462 4655 Carol.
480 4595 620 4657 Borronr.
638 4601 668 4657 et
681 4599 760 4657 ratio
780 4602 836 4674 est,
852 4599 925 4676 quia
938 4597 1034 4657 laicus
1046 4615 1137 4677 prop·
1183 4601 1307 4657 tenetur
1333 4597 1404 4674 quis
1422 4596 1584 4669 omittere,
1602 4597 1653 4656 vel
1667 4595 1796 4668 differre,
1810 4593 1843 4652 ob
1855 4603 1925 4648 aar·

363 4691 411 4746 ter
423 4689 710 4768 peccatumpopulo
724 4691 766 4750 ita
776 4691 991 4750 scandalosum
1005 4689 1141 4750 efficitur¹
1186 4689 1292 4751 datum
1316 4689 1542 4765 Pharisaicum,
1562 4688 1656 4766 Juxta
1681 4688 1757 4749 iilud
1782 4679 1875 4753 Mart,
1889 4679 1925 4737 lr'·

399 4916 524 4968 thorcae
550 4931 577 4967 ex
598 4921 679 4968 natura
697 4931 747 4980 sca,
776 4917 800 4970 id
826 4922 869 4980 est,
898 4917 917 4969 si
945 4917 999 4969 liant
1023 4917 1072 4969 sine
1089 4919 1134 4970 line
1183 4923 1275 4984 insuper
1293 4922 1336 4980 cst,
1351 4919 1499 4970 recentiores
1514 4917 1610 4969 choreas
1624 4911 1926 4980 mordisnsutqctsieffl

364 4993 433 5054 mulo,
448 4993 532 5058 absque
541 4993 643 5059 periculo
657 4993 755 5058 seipsum
768 4997 805 5044 aut
825 4993 882 5045 aiios
895 4993 924 5045 ad
947 4993 1064 5044 libidinem
1075 5009 1133 5060 pro·
1183 4995 1262 5056 tuisse,
1273 4994 1358 5060 quassi
1371 4995 1496 5056 norimcnt,
1513 4993 1593 5059 procul
1602 4993 1673 5045 dubio
1683 4991 1859 5060 proserperent
1874 4983 1929 5049 iffi

364 5069 468 5130 comedi,
492 5067 555 5118 nulla
581 5068 701 5119 accedente
723 5068 783 5119 mala
809 5068 986 5131 circumstantia,
1011 5070 1076 5120 mala
1089 5083 1134 5122 nou
1184 5084 1222 5122 eas
1236 5071 1327 5122 omuino
1344 5071 1464 5137 prohibent
1486 5083 1530 5120 nou
1556 5074 1644 5119 tantum
1672 5069 1768 5134 theologi
1782 5067 1849 5118 secet
1874 5053 1927 5124 iffi

365 5149 425 5195 suut.
440 5147 489 5205 Ast,
504 5145 527 5193 in
541 5148 602 5201 actu,
620 5149 644 5194 ut
657 5148 719 5194 recte
729 5143 796 5194 docet
808 5145 941 5197 Benedictus
957 5144 1006 5196 xiv
1016 5147 1132 5209 notificat.
1184 5159 1262 5198 onnes
1275 5151 1384 5211 quotquot
1396 5145 1424 5197 de
1444 5159 1470 5196 ea
1489 5159 1513 5195 rc
1531 5145 1603 5196 locuti
1616 5150 1671 5196 sunt
1688 5163 1694 5195 :
1710 5161 1737 5197 eo
1750 5158 1792 5210 quo
1804 5141 1850 5191 lunt
1865 5131 1925 5184 a*

346 5231 457 5270 -xxxvu
471 5225 494 5270 et
515 5230 596 5270 cxxvt
611 5218 647 5268 vix
661 5218 760 5284 permitti
775 5227 877 5285 possunt,
896 5239 906 5268 ι
922 5221 974 5286 quia
991 5220 1049 5271 sicut
1059 5225 1136 5272 nonni
1185 5235 1225 5284 per
1238 5235 1263 5272 se
1275 5227 1392 5288 peccatum
1407 5226 1460 5272 sunt
1471 5220 1594 5271 intrinsece
1608 5234 1637 5271 ac
1652 5221 1746 5287 proinde
1766 5217 1820 5269 nub
1835 5213 1856 5262 tt
1869 5217 1930 5260 τί

365 5295 483 5360 theologi,
499 5299 523 5346 ut
543 5295 672 5359 plurimum,
688 5295 737 5346 lieri
767 5295 841 5346 solent
864 5296 921 5360 inter
942 5297 1039 5360 juvenes
1053 5295 1136 5348 diversi
1186 5298 1282 5364 permitti
1298 5296 1432 5362 possuntob
1454 5295 1632 5347 intervenientes
1647 5301 1729 5349 tectus.
1744 5295 1824 5346 nunt
1838 5289 1928 5336 ²⁰¹!M

366 5384 442 5432 sexus,
458 5370 683 5421 intercedentectiam
694 5371 806 5435 colloquio
817 5371 1017 5434 familiari,blnnda
1029 5385 1137 5423 manuum
1186 5373 1313 5424 Parocbum
1341 5378 1366 5424 ut
1390 5373 1413 5423 in
1436 5372 1464 5423 iis
1485 5372 1624 5438 extirpandis
1641 5373 1759 5438 prudenter
1773 5367 1856 5430 serent
1868 5351 1930 5409 Η

367 5445 528 5504 attrectatione,
542 5446 623 5496 musici
646 5450 770 5497 concentus
792 5447 910 5509 suavitate,
934 5449 1068 5513 ceterisque,
1087 5463 1137 5512 qua
1186 5449 1342 5513 intempestivo
1355 5447 1466 5498 abstineat
1479 5446 1538 5506 zelo,
1554 5451 1635 5498 contra
1645 5447 1803 5500 cruentae
1814 5429 1926 5516 ittffl!⁸

368 5511 476 5571 iacintus
494 5521 680 5583 concupiscentie
697 5526 772 5572 rnotus
792 5522 866 5573 solent
891 5523 998 5584 excitare,
1014 5523 1139 5589 prasertim
1187 5526 1210 5574 et
1222 5523 1312 5574 directe
1327 5523 1516 5588 inpetrataque
1529 5523 1597 5575 ineis
1611 5525 1733 5576 connisa
1746 5522 1764 5573 ei
1777 5520 1797 5570 in
1809 5510 1929 5567 ruffi!

369 5597 392 5646 in
401 5593 589 5656 atolecentibus,
603 5601 628 5648 ut
636 5596 740 5650 luctuosa
750 5597 817 5650 docet
829 5597 975 5663 experientia.
989 5617 999 5646 c
1011 5599 1139 5650 Notandum
1188 5599 1318 5651 recitantis.
1354 5597 1429 5666 (cett.
1447 5596 1510 5663 net.)
