4200 6348
484 449 487 462 ,
594 393 957 458 venenisuenenis
979 395 1218 462 THEOLOGIAE.
1278 411 1285 430 ⁸
1662 403 1700 464 65

129 545 225 624 aliena,
236 557 404 632 propterea
422 557 505 636 qnod
519 557 597 620 nihil
610 561 677 622 vult
690 564 878 626 examinare.
930 564 1001 642 illis,
1018 584 1098 645 quse,
1115 572 1267 648 utsupra,
1286 567 1439 629 damnatae
1454 568 1590 643 fuerunt,
1604 569 1701 630 consi·

127 639 295 721 Freqrrenter
304 647 652 725 eredimus,sacrificare
660 656 723 716 Deo
735 655 878 737 impium,
931 658 1030 736 miles,
1039 660 1194 734 etaffiues,
1207 661 1378 741 iisdemque
1388 661 1698 723 erroribusimbutasz

123 739 151 794 et
163 736 359 800 samifimmus
374 741 503 804 Diabolo
518 744 573 805 Dei
587 763 722 808 servum.
741 749 819 831 (100)
931 768 988 812 nec
1000 769 1074 814 sane
1088 771 1200 834 paucas
1217 753 1274 814 sub
1288 754 1471 833 imaginario
1484 755 1630 834 quodam,
1648 773 1700 815 ve-

157 829 206 889 cl.
223 831 301 891 Nihil
321 833 445 912 spiritui
471 835 536 914 llei,
565 842 596 900 et
618 839 765 904 doctrine
788 845 881 906 JESU
931 842 989 904 luti
1015 847 1179 924 grassantis
1203 847 1295 908 hodie
1320 847 1540 926 persecutionis
1560 848 1699 924 obtentu,

114 921 263 984 CHRISTI
284 927 384 1000 magis
398 931 576 1008 opponitur,
593 950 687 1011 quam
701 937 882 998 communia
930 935 1182 1012 inobedientiam,
1219 944 1250 1001 et
1283 939 1484 1020 pervicaciam
1518 941 1700 1016 nutrientes,

109 1012 210 1077 facere
232 1017 410 1096 juramenta
437 1023 470 1082 in
498 1024 639 1103 Ecclesia,
660 1029 733 1107 quia
755 1029 814 1091 hoc
836 1034 882 1092 est
931 1047 1044 1110 eosque
1078 1031 1153 1093 falso
1187 1032 1367 1094 Christiane
1390 1033 1545 1112 patientiae
1576 1034 1702 1094 nomine

108 1109 317 1190 multiplicare
351 1115 524 1178 occasiones
556 1119 726 1200 pejerandi,
755 1122 881 1202 laqueos
930 1124 1149 1202 praedicantem
1176 1142 1252 1204 quas
1275 1131 1438 1206 propterea
1457 1125 1636 1206 singillatim
1657 1145 1704 1188 re-

107 1203 238 1264 tendere
251 1204 394 1280 infirmis,
411 1215 442 1270 et
457 1209 570 1287 idiotis,
586 1218 618 1273 et
630 1213 760 1290 efficere,
777 1223 812 1277 ut
823 1235 880 1279 no·
931 1233 1066 1293 censere,
1082 1225 1113 1278 et
1133 1218 1225 1279 nimis
1246 1219 1376 1298 longum
1402 1237 1466 1279 csse
1489 1219 1644 1294 duximus,
1673 1223 1704 1280 et

108 1303 234 1372 memet
245 1299 358 1361 veritas
372 1300 426 1362 Dei
439 1302 605 1383 aliquando
619 1305 793 1369 deserviant
806 1328 879 1372 con-
931 1309 1060 1370 minime
1078 1311 1300 1387 necessarium
1320 1330 1356 1372 ac
1370 1312 1507 1388 demum,
1523 1311 1608 1391 quod
1620 1312 1702 1372 into·

108 1388 176 1450 silio
186 1390 382 1471 impiorum?
399 1393 477 1476 (ror)
930 1399 1087 1464 lerabilius
1101 1409 1156 1479 est,
1173 1421 1295 1465 marum
1309 1405 1413 1484 ipsum
1427 1403 1505 1464 Novi
1514 1404 1703 1466 Testamenti

145 1483 270 1545 Auditis
283 1486 388 1566 itaque
400 1493 469 1550 tum
482 1507 567 1567 voce,
581 1497 649 1554 tum
662 1495 775 1574 scripto
785 1497 880 1558 Nobis
931 1498 1051 1556 textum
1059 1496 1274 1558 damnabiliter
1285 1497 1430 1558 vitiatum
1441 1497 1658 1578 comperimus,
1673 1502 1704 1558 et

114 1575 255 1638 exhibitis
275 1579 476 1658 prefatorum
497 1583 716 1664 Cardinalinm,
737 1589 881 1651 aliorum·
931 1584 1020 1646 alteri
1054 1589 1173 1651 dudum
1206 1589 1378 1670 reprobatae
1412 1590 1547 1652 versioni
1581 1590 1704 1652 Gallice

118 1689 170 1749 qne
202 1671 433 1752 'theologorum
464 1675 627 1756 suffragiis,
657 1681 815 1762 divinique
846 1684 881 1744 in
931 1679 1083 1742 ltloutensi
1111 1683 1144 1744 in
1170 1682 1277 1745 multis
1300 1683 1517 1744 conformem:
1538 1701 1557 1744 a
1579 1685 1705 1763 vulgata

121 1765 363 1843 primisluminis,
382 1769 507 1847 privatis
520 1771 642 1834 adeum
656 1774 762 1851 linem,
778 1775 880 1856 publi·
931 1791 1004 1834 vero
1019 1774 1164 1854 editione,
1181 1794 1251 1856 qnae
1265 1781 1310 1838 tot
1327 1777 1511 1837 saeculorum
1526 1795 1586 1838 usn
1599 1777 1633 1836 in
1647 1778 1702 1838 Ec-

124 1857 215 1937 cisque.
248 1861 343 1920 etiam
373 1861 495 1923 indictis
528 1866 682 1943 precibus,
714 1861 880 1948 implorato
930 1867 1021 1928 alesia
1035 1869 1164 1948 probata
1173 1875 1229 1936 est,
1242 1875 1335 1949 etque
1349 1870 1388 1929 ab
1402 1870 1587 1931 Orthodoxis
1600 1871 1702 1931 omni-

126 1954 269 2030 prasidi03
292 1971 402 2016 omnes
426 1963 457 2018 ct
487 1958 623 2032 singulas
655 1960 881 2040 propositiones
929 1959 1054 2040 buspro
1068 1963 1244 2024 authentica
1257 1963 1476 2040 heberidebet,
1493 1962 1704 2043 multipliciter

128 2047 317 2124 preinscrtas,
330 2053 491 2128 tamquam
509 2051 609 2128 falsas,
625 2055 784 2132 captiosas,
800 2056 881 2118 male
931 2053 1167 2134 discrepantem,
1188 2061 1219 2116 et
1241 2056 1447 2124 aberrantem,
1469 2055 1645 2136 pluriesque
1670 2057 1704 2116 in

131 2145 266 2216 namtas,
282 2141 405 2220 piarum
419 2143 545 2205 aurium
559 2145 733 2221 offensivas,
752 2149 880 2210 seanda-
931 2146 1058 2222 alienos,
1074 2149 1218 2224 exoticos,
1235 2167 1270 2210 ec
1284 2167 1364 2228 saepe
1377 2147 1487 2208 noxios
1506 2167 1623 2227 sensus,
1639 2166 1704 2210 non

131 2229 204 2309 loeas,
229 2235 426 2314 perniciosas,
442 2239 634 2316 temerarias,
671 2241 820 2314 Ecclesiae,
851 2248 882 2303 et
931 2239 998 2299 sine
1013 2241 1148 2302 maxima
1161 2242 1361 2321 perversitate
1371 2239 1539 2303 detonum.

94 2401 95 2409 ἵ
134 2325 185 2404 cius
204 2329 289 2407 praxi
316 2329 489 2407 inJ‘uriosas,
517 2349 619 2410 neque
646 2332 678 2392 in
717 2333 881 2394 Ecclesiam
972 2333 1111 2394 Eundem
1126 2339 1289 2416 propterea
1303 2334 1441 2409 Librum,
1457 2339 1565 2414 utpote
1579 2335 1703 2416 perdul-

136 2419 226 2494 solum,
241 2422 293 2482 sed
309 2423 403 2484 etiam
423 2423 456 2482 in
471 2421 639 2486 Potestates
653 2426 758 2486 saeculi
771 2431 880 2487 contn-
932 2443 982 2485 ces
996 2443 1163 2502 sermones,
1179 2432 1211 2488 et
1228 2427 1466 2502 benedictiones,
1487 2434 1523 2488 ut
1541 2429 1705 2507 Apostolus

138 2511 263 2591 neliosas,
280 2515 448 2591 seditiosas,
464 2516 586 2596 impias,
602 2517 806 2597 blasphemas,
818 2539 882 2580 sus
931 2517 1079 2597 loquitur,
1095 2519 1153 2580 boc
1172 2526 1228 2596 est,
1252 2521 1309 2580 sub
1329 2520 1404 2580 falsa
1422 2521 1481 2599 piae
1501 2521 1705 2582 institutionis

139 2612 219 2683 pectas
228 2608 395 2680 deheresi,
407 2627 442 2669 ac
450 2609 595 2670 haeresim
606 2609 704 2689 ipsam
714 2611 877 2691 sapientes,
931 2610 1077 2690 imagine,
1107 2612 1287 2673 seducendis
1313 2613 1528 2674 innocentium
1562 2615 1705 2676 cordibus

142 2715 181 2760 uec
200 2720 257 2762 non
283 2701 448 2775 hereticis,
473 2707 504 2764 et
530 2702 710 2778 haeresibus,
730 2723 765 2764 ac
787 2705 880 2765 etiam
930 2702 1023 2782 longe
1035 2705 1279 2782 accomodatum,
1295 2708 1357 2766 sive
1371 2705 1549 2785 premissis,
1566 2708 1629 2767 sive
1644 2707 1705 2768 alio

143 2792 266 2854 schismati
274 2795 424 2870 faventes,
440 2813 594 2866 erroneas,
604 2797 714 2858 heresi
724 2798 881 2876 proximas
932 2796 1042 2874 quovis
1050 2796 1140 2857 titulo
1156 2797 1347 2877 inscriptum,
1364 2797 1562 2877 ubicumque,
1586 2805 1617 2859 et
1630 2817 1706 2879 quo-

106 2895 108 2935 ἱ
144 2883 456 2962 pluriesdamnatas,ac
469 2887 698 2950 demumetiam
708 2890 878 2960 haereticas,
932 2905 1065 2967 utrmque
1074 2889 1135 2948 alio
1143 2889 1369 2965 idiomate,seu
1378 2891 1487 2969 quavis
1497 2891 1706 2967 editione,aut

141 2980 271 3060 redasque
289 2981 434 3056 haereses,
450 2986 481 3041 et
496 2982 693 3060 potissimum
706 2982 784 3058 illas,
811 3001 882 3062 qne
933 2981 1074 3042 versione
1082 2982 1230 3042 hactenus
1238 2983 1435 3062 impressum,
1445 2987 1499 3042 ant
1508 2983 1541 3043 in
1549 2989 1707 3062 posterum

130 3069 709 3153 uenosntanseniieropositionibus,
722 3076 884 3155 etquidem
936 3071 1028 3154 (quod
1038 3072 1125 3154 absit)
1142 3075 1395 3155 imprimendum,
1413 3074 1598 3136 authoritate
1609 3077 1706 3156 Apos-

132 3163 165 3222 iu
175 3183 206 3228 so
216 3185 311 3243 sensu,
327 3167 362 3227 in
376 3185 438 3246 quo
453 3165 501 3228 bae
515 3167 669 3228 damnatas
683 3169 819 3236 fuerunt,
836 3187 884 3230 ac·
933 3167 1023 3227 tolica
1030 3172 1137 3228 tenore
1151 3168 1353 3247 praesentium
1364 3168 1478 3228 iterum
1491 3167 1704 3247 prohibemus,

124 3259 230 3336 cepha,
259 3259 467 3332 continentur,
502 3259 662 3321 manifeste
701 3261 884 3322 innovantes
935 3278 970 3321 ac
982 3260 1121 3320 similiter
1131 3261 1604 3340 damnamus3quemadmodum
1614 3263 1708 3325 etiam

121 3353 291 3430 lepeetive,
300 3353 359 3414 hae
373 3357 479 3414 nostra
487 3358 635 3432 perpetuo
645 3353 776 3414 valitura
790 3355 884 3414 Cous·
934 3351 1010 3412 aiios
1024 3371 1142 3428 onmes,
1163 3359 1194 3413 et
1211 3354 1349 3432 singulos
1369 3354 1402 3413 in
1415 3354 1481 3431 ejus
1495 3353 1707 3417 defensionem

121 3443 259 3507 *datione
290 3446 494 3519 declaramus,
524 3446 711 3507 damnamus
728 3452 760 3507 et
777 3465 883 3527 repro·
934 3451 999 3506 tam
1020 3447 1142 3525 scripto,
1169 3464 1262 3526 quam
1291 3446 1372 3526 typis
1393 3447 1500 3514 editos,
1526 3465 1580 3508 seu
1605 3446 1707 3509 forsan

119 3531 238 3600 linum.
938 3537 1030 3618 (quod
1045 3540 1125 3600 Deus
1136 3538 1263 3620 avertat)
1278 3539 1412 3599 edendos
1426 3538 1531 3614 libros,
1546 3557 1600 3600 seu
1619 3541 1707 3602 libel-

170 3631 337 3694 llandamus
351 3632 495 3694 omnibns
504 3632 664 3711 utriusque
678 3650 768 3694 sexus
775 3633 885 3694 Glnisti
934 3631 990 3700 los,
1011 3649 1181 3711 eorumque
1199 3631 1375 3704 lectionem,
1398 3631 1646 3710 descriptionem,
1661 3652 1708 3695 re-

113 3722 268 3804 lidelibus,
284 3745 324 3788 ne
338 3726 376 3786 de
386 3726 476 3786 dictis
487 3726 749 3805 Propositionibus
759 3726 883 3803 sentire,
935 3724 1116 3800 tentionem,
1145 3729 1175 3784 et
1203 3741 1295 3785 usum
1329 3723 1486 3798 omnibus,
1515 3730 1546 3785 et
1579 3725 1708 3804 singuiis

103 3816 238 3888 utere,
253 3819 422 3900 praedicare
431 3819 521 3880 aliter
534 3824 735 3898 praesumunt,
747 3835 840 3898 qnam
852 3819 885 3879 in
936 3816 1188 3878 Christiiidelibus
1202 3817 1260 3877 sub
1275 3835 1366 3897 pena
1385 3819 1710 3879 excommunicationis

58 3902 61 3933 ³
103 3901 182 3972 luc
198 3914 301 3974 eadem
324 3925 430 3973 nostra
448 3911 673 3973 Constitutione
698 3911 884 3989 continetur,
936 3927 992 3989 per
1025 3910 1276 3971 contrafacientes
1309 3911 1376 3989 ipso
1402 3910 1481 3972 sacto
1509 3910 1707 3988 incurrendo,

96 3999 168 4064 iu
187 4011 218 4066 ut
238 4007 425 4086 quicumque
439 4005 517 4081 illas,
535 4004 583 4066 vel
604 4004 729 4064 illarum
751 4004 887 4084 aliquam
937 4003 1137 4083 prohibemus
1146 4003 1272 4084 pariter,
1282 4007 1313 4063 et
1325 4003 1547 4064 interdicimus.

95 4097 317 4176 conjunctim,
338 4098 387 4158 vel
400 4097 523 4159 divisim
536 4097 685 4170 docuerit,
702 4096 884 4173 defenderit,
977 4095 1178 4176 Praecipimus
1199 4095 1325 4175 insuper
1345 4095 1579 4158 Venerabilibus
1600 4097 1711 4157 Fratri·

47 4181 48 4200 ¹
92 4189 258 4268 Qdiderit,
272 4196 329 4252 ant
342 4190 380 4252 de
394 4190 438 4251 eis
450 4190 544 4252 etiam
557 4190 740 4269 disputative
754 4189 887 4270 publice,
938 4189 1007 4264 bus,
1016 4187 1472 4267 Patriarehis,nroniepis00pis,
1493 4194 1523 4249 et
1541 4182 1709 4268 Episcopis,

88 4282 890 4363 {utprivatimtractaveritnisilorsanimpugneu-
938 4281 1068 4360 aliisque
1076 4281 1216 4342 locorum
1229 4279 1473 4352 Ordinariis,nec
1484 4299 1547 4342 non
1558 4281 1710 4342 heretice

88 4373 173 4440 (lo.
202 4376 415 4438 Elelesiasticis
448 4375 597 4451 censuris,
627 4375 754 4454 aliisque
784 4379 891 4435 contra
939 4373 1353 4454 pravitatisinquisitoribus,
1369 4377 1404 4433 ut
1418 4374 1667 4448 contradictores,
1681 4379 1712 4434 et

90 4467 231 4530 emilia
243 4475 457 4550 perpetrantes
469 4471 569 4530 adure
579 4468 703 4528 staturis
716 4467 816 4546 poenis
824 4467 890 4546 ipso
940 4466 1068 4527 rebelles
1084 4483 1296 4546 quoscumque
1315 4484 1370 4545 per
1390 4484 1544 4542 censuras,
1561 4471 1591 4527 et
1605 4483 1712 4546 poenas

89 4557 210 4631 facto,
222 4563 339 4642 absque
351 4563 410 4624 alia
424 4562 630 4623 declaratione
644 4560 809 4638 subjaceat.
941 4557 1711 4639 praefatas,aliaqueluris,etfactiremediainvoca·

165 4654 305 4716 Ceterum
318 4675 373 4736 per
386 4671 561 4735 expressam
571 4653 769 4734 praefatarum
779 4653 893 4731 Propo·
939 4657 971 4712 to
981 4652 1074 4712 etiam
1088 4651 1125 4712 ad
1140 4651 1215 4726 hoc,
1227 4651 1252 4712 si
1267 4669 1344 4730 opus
1351 4649 1454 4723 fuerit,
1462 4652 1581 4713 brachii
1589 4651 1713 4714 secula-

99 4741 272 4809 ultionum
294 4749 540 4829 reprobationem
556 4747 616 4807 alia
634 4747 668 4807 in
686 4747 795 4807 eodem
813 4745 892 4806 libro
940 4745 982 4805 ris
995 4745 1121 4819 auxilio,
1138 4743 1266 4804 omnino
1281 4752 1452 4813 coerceant,
1468 4751 1499 4805 et
1513 4745 1710 4824 compellant.

108 4843 271 4901 contenta
293 4841 467 4903 nullatenus
489 4839 660 4920 approbare
683 4839 891 4912 intendimns;
980 4836 1132 4897 Volumus
1147 4836 1713 4918 autem,utearumdempraesentium

114 4945 203 4990 cum
215 4934 380 5009 prasertim
393 4934 427 4994 in
440 4934 569 4995 decursu
582 4931 743 5005 examinis,
756 4929 892 5010 complu·
941 4929 1152 5008 transumptis,
1170 4927 1264 4988 etiam
1283 4928 1451 5008 impressis,
1468 4947 1564 4991 manu
1584 4929 1713 5009 alicujus

121 5036 187 5082 res
197 5022 271 5084 elias
283 5025 314 5085 in
323 5043 358 5087 co
369 5026 660 5107 deprehenderimus
669 5024 894 5103 Propositiones
942 5021 1058 5102 publici
1072 5021 1189 5082 Notarii
1203 5021 1393 5101 subscriptis,
1410 5029 1441 5083 et
1459 5023 1560 5102 sigillo
1573 5039 1713 5103 personae

180 5191 246 5259 (tlibi
259 5195 445 5254 oneratissimo
457 5199 514 5255 ,lt
529 5199 555 5252 t.
570 5198 625 5252 Vide
638 5211 704 5264 prop.
724 5196 766 5250 96.
942 5212 995 5250 auu.
1017 5196 1091 5249 tica.
1107 5196 1224 5260 conciliis,
1241 5197 1460 5263 andennense.
1476 5211 1499 5249 u.
1514 5199 1575 5252 1581
1592 5199 1714 5252 Rbsncmt

184 5267 249 5333 11111
259 5269 378 5329 curun
386 5275 461 5328 111111.
472 5275 496 5326 5.
514 5275 554 5326 31.
569 5275 655 5328 &osas
668 5279 702 5325 cst
715 5273 893 5338 inmensique·
942 5287 976 5326 ar.
987 5273 1084 5326 arses
1093 5271 1236 5336 Bituriesrni,
1249 5273 1356 5339 Aquensi,
1367 5274 1538 5337 Mediolanensi,
1554 5275 1648 5341 sitisque
1657 5275 1715 5326 bene

159 5343 228 5389 man
246 5341 423 5400 tornoterinse
438 5350 593 5403 dmumdsu.
614 5347 733 5415 Repugnat
759 5349 892 5415 Scriptura,
944 5348 1137 5411 nuln's,acl>raxi
1155 5348 1427 5404 declamitabam.
1439 5351 1468 5402 ad
1480 5363 1534 5403 ano.
1548 5350 1716 5404 tricenis

166 5411 423 5475 bumannum.
433 5425 473 5476 tt.
487 5425 643 5488 Pontificibus,
657 5425 752 5490 Greqor.
768 5425 790 5476 ll
821 5425 893 5491 Epist.
945 5425 983 5478 nbi
997 5425 1026 5476 de
1038 5423 1205 5488 litigantibus.

176 5484 250 5540 Mb
262 5489 330 5545 1111111.
343 5497 453 5552 aluerit
472 5501 672 5556 meetseren.
690 5501 750 5567 apud
760 5499 842 5552 Barna.
866 5501 894 5552 ad

317 5597 387 5660 lou.
402 5602 422 5662 1.
1551 5605 1569 5666 s
