3938 6338
327 425 387 485 tto
869 425 904 486 P.
929 423 1120 486 STEPHANI
1143 423 1193 484 DE
1213 423 1369 486 CHAMPS

366 593 434 654 Huc
446 595 538 655 eiam
551 595 758 675 spectatquod
769 593 862 656 babet
876 592 1018 654 Nicotaus
1030 593 1094 652 Tu·
1144 591 1224 652 circa
1227 590 1281 672 jus
1286 591 1437 673 precepti,
1445 593 1731 654 tamdiubominem
1743 612 1820 674 posse
1831 595 1883 655 aue

325 687 433 747 decons
448 686 563 761 Abbes,
587 693 617 747 et
631 687 886 767 Archiepiscopus
899 685 1092 746 Panormita·
1143 686 1887 766 pecootouonservureproeceptumeamsententiam

325 795 384 838 nus
397 777 431 838 in
443 784 535 857 caput
548 779 730 859 capellanus
745 779 784 839 de
801 777 884 838 feriis
897 796 930 838 n.
946 780 977 838 6.
991 784 1094 836 nolan-
1145 775 1378 855 amplectando,
1405 796 1475 856 quoe
1498 783 1592 856 negat
1615 795 1680 839 esse
1702 785 1886 858 praeceptam,

325 868 406 943 dum,
421 869 532 949 inquit,
552 889 590 932 en
604 869 657 930 troo
669 871 763 951 plossa
778 870 819 930 cio
837 869 994 944 intellecto,
1018 867 1096 948 qaod
1145 869 1293 947 quamdiu
1311 887 1369 930 nee
1386 869 1453 948 ipsa
1465 869 1560 946 falsa,
1576 889 1634 932 nec
1651 871 1802 932 contraria
1812 889 1889 950 appu·

325 980 382 1021 non
397 971 496 1042 peccat
518 981 575 1024 non
587 961 764 1043 smuonsjas
776 962 939 1043 precepti,
960 959 1013 1020 abi
1026 967 1093 1020 sunt
1144 965 1211 1020 reat
1227 978 1317 1021 veru:
1341 961 1424 1040 quod
1447 962 1575 1041 perinde
1601 968 1656 1038 est,
1685 981 1722 1023 ec
1750 965 1774 1023 si
1799 963 1893 1052 diceret

327 1055 418 1114 uarice
431 1055 593 1134 opiniones,
609 1055 676 1115 licet
687 1062 786 1135 postea
808 1060 950 1134 appareat
972 1059 1093 1112 contra·
1145 1051 1350 1131 quamdiuest
1362 1071 1435 1114 vere
1446 1054 1624 1133 probabilis.
1642 1055 1892 1128 Quamobremilla

325 1146 402 1206 riom
411 1146 572 1227 opinionem
583 1146 672 1226 [nim
686 1165 800 1222 cer-am,
812 1153 841 1206 et
854 1145 961 1222 oliam,
976 1161 1042 1224 pace
1051 1151 1092 1204 te·
1146 1145 1356 1206 Panormitani
1378 1145 1474 1206 verba
1486 1146 1526 1206 ad
1548 1146 1630 1207 hanc
1649 1147 1828 1208 sententiam
1839 1166 1894 1208 uru-

324 1237 456 1312 nodatur,
466 1257 525 1300 non
534 1239 682 1300 subtiliter
692 1238 994 1320 inoestlpotom.Hinc
1008 1235 1093 1297 enirn
1145 1235 1330 1298 firmandam
1356 1256 1375 1298 a
1411 1237 1572 1316 Silvestre,
1602 1238 1731 1319 αὶίἱεῳιε
1758 1239 1894 1302 nonnullis

325 1331 475 1411 sequitur,
485 1332 736 1393 cumvuriaesunt
753 1332 920 1392 llootonrm
931 1327 1094 1410 opiniones
1145 1333 1252 1408 postea
1260 1329 1450 1409 appellandis
1463 1330 1663 1392 adhibentur.

325 1523 369 1560 ner
379 1507 517 1574 probabiles
529 1511 615 1573 spectat
629 1505 698 1573 (quod
713 1520 758 1558 uon
767 1505 925 1558 animadvertit
938 1501 1046 1570 concina)
1056 1503 1097 1555 sed
1145 1503 1197 1558 darn
1214 1507 1273 1572 apud
1290 1507 1431 1560 liorentinos
1453 1514 1507 1560 tuno
1533 1509 1642 1576 temporis
1660 1506 1763 1573 recepta)
1786 1507 1894 1570 abalim

325 1586 473 1650 opinionem,
489 1587 514 1634 ut
530 1595 610 1634 sensus
625 1585 663 1644 sit,
679 1583 793 1634 bominem
806 1587 855 1633 luto
868 1581 983 1632 adherere
997 1579 1096 1641 opinioni
1145 1584 1203 1648 quio
1217 1598 1248 1634 ea
1262 1597 1309 1648 quo
1323 1584 1369 1634 oiri
1383 1584 1447 1636 docti
1461 1586 1488 1636 irc
1505 1585 1579 1650 buires
1603 1586 1729 1636 contraria
1751 1583 1797 1634 sibi
1813 1584 1895 1634 meten

325 1659 531 1710 babentirationec
543 1657 681 1723 probabiles
699 1658 722 1708 in
736 1657 843 1708 conflictu
860 1653 972 1721 opinionis
986 1653 1095 1720 ejusmodi
1146 1660 1260 1722 sentiant,
1276 1660 1362 1723 nepoti
1375 1673 1424 1710 non
1441 1663 1529 1725 potest,
1557 1662 1617 1726 pain
1641 1661 1730 1711 aulum
1754 1658 1848 1708 damiam
1864 1659 1895 1720 rit,

326 1735 424 1786 rationes
441 1748 581 1798 nequaquam
595 1733 758 1794 habentis,scu
771 1731 937 1798 improbabilis,
952 1731 1097 1781 autteuuiter
1146 1738 1220 1788 telem
1233 1739 1381 1802 empiiemm
1395 1739 1497 1797 lienem,
1523 1739 1562 1790 eei
1575 1739 1698 1800 iiiieiiem,
1718 1741 1743 1789 et
1756 1737 1896 1803 imieeepeie

326 1809 458 1876 probabilis.
474 1809 499 1860 ld
516 1809 645 1860 demonstro
656 1810 680 1859 t.
695 1809 749 1875 quia
763 1809 789 1860 S.
809 1809 837 1859 tl.
850 1808 901 1858 inde
911 1807 987 1867 inlert,
1004 1805 1098 1857 atridi-
1146 1813 1217 1873 dicit,
1230 1813 1293 1878 qood
1307 1815 1333 1863 ia
1346 1813 1426 1864 dubiis
1442 1817 1517 1865 tutior
1537 1815 1577 1866 vio
1599 1818 1635 1864 est
1652 1813 1782 1879 clipeata:
1797 1812 1896 1864 lintmls

325 1885 469 1947 mustelam
484 1900 533 1936 non
543 1887 639 1950 operari
652 1887 680 1936 la
692 1885 894 1943 dabiomorlatis‚
910 1884 952 1934 sed
963 1883 1098 1933 secandam
1146 1903 1229 1954 epem,
1245 1903 1298 1954 cap,
1318 1891 1437 1941 invenie:
1463 1893 1487 1940 et
1508 1891 1539 1940 ei
1552 1890 1618 1941 iiem
1632 1890 1692 1954 feeit
1708 1891 1801 1940 itcrrem
1817 1886 1897 1951 lapar-

327 1961 466 2025 oplnlonem
479 1959 665 2012 reassumere
678 1977 686 2010 :
700 1961 775 2011 dicere
789 1959 904 2012 debuisset
914 1959 993 2022 mapis
1003 1958 1097 2022 proba-
1147 1966 1212 2016 tim,-
1230 1967 1284 2016 tem
1297 1969 1400 2027 mmmm,
1419 1969 1442 2016 et
1463 1965 1559 2016 impete
1582 1967 1713 2016 mimium,
1732 1962 1898 2027 temnerent

328 2038 409 2097 bilem
425 2038 445 2088 si
462 2037 491 2089 nd
504 2039 583 2102 macir
597 2039 620 2088 in
634 2035 788 2102 superioribus
797 2037 825 2088 ad
839 2036 946 2086 rationes
960 2033 1097 2098 probabiles
1147 2041 1197 2092 bec
1211 2040 1316 2106 probant,
1331 2041 1411 2092 'tutior
1423 2055 1512 2106 semper
1529 2041 1606 2106 opinio
1621 2040 1742 2103 tenebitur,
1758 2041 1832 2091 retiola
1846 2040 1897 2089 rem

328 2114 457 2167 referretur.
474 2117 498 2168 2.
515 2115 568 2181 quia
581 2113 607 2165 S.
623 2113 651 2162 D·
667 2113 699 2164 tlt
713 2113 736 2162 in
750 2115 829 2178 quarta
839 2109 930 2174 result:
947 2109 1096 2168 Notandum,
1148 2114 1348 2180 probabilissima:
1373 2115 1455 2167 deinde
1483 2116 1533 2167 bec
1561 2130 1639 2167 revera
1662 2115 1718 2166 nibil
1733 2115 1794 2167 aliud
1809 2115 1897 2174 elidunt,

327 2189 391 2254 qaod
417 2205 472 2241 cnm
496 2191 559 2241 bona
580 2190 728 2240 conscientia
753 2191 832 2252 polest
857 2185 911 2250 quis
929 2188 1009 2235 tenere
1022 2197 1098 2234 anam
1148 2203 1214 2256 quem
1237 2191 1344 2242 Antonini
1373 2191 1513 2256 temporibus
1539 2191 1678 2257 peculiarem
1696 2191 1758 2241 iiiam
1775 2191 1899 2256 questionem

325 2269 424 2330 partem
438 2267 543 2331 alicrrjus
560 2266 691 2330 opinionis,
717 2267 741 2314 et
762 2261 896 2313 secondum
918 2274 974 2311 eom
991 2263 1097 2324 operari,
1148 2265 1264 2316 sententiis
1281 2265 1450 2317 adversantibus
1463 2265 1534 2316 tuisse
1547 2265 1736 2331 itaimplloalam,
1748 2266 1814 2317 utun
1826 2263 1899 2316 dubim

328 2342 444 2392 concluso
457 2342 544 2392 saltem
557 2340 682 2398 scandalo,
698 2339 859 2404 itascilicet
878 2349 937 2400 pora
954 2335 1040 2386 babeat
1052 2349 1099 2399 pro
1149 2345 1225 2406 posset
1237 2341 1336 2406 depoui;
1352 2339 1421 2392 dublo
1437 2343 1512 2391 autem
1528 2344 1673 2405 permanente
1690 2337 1900 2405 summaliter

328 2429 355 2467 se
367 2417 487 2468 malim
499 2418 618 2477 doctores,
638 2415 768 2466 dammodo
785 2410 856 2480 (nou)
871 2411 927 2462 tulis
950 2411 1032 2475 opinio
1049 2424 1099 2462 non
1148 2416 1262 2466 bominem
1275 2415 1386 2481 operari?
1405 2414 1451 2466 Sed
1465 2415 1583 2466 audiamus
1596 2415 1707 2466 incedam
1721 2415 1793 2480 capite
1805 2414 1901 2465 disner-

329 2493 458 2544 ritconlro
481 2493 650 2544 anctoritatem
672 2488 851 2540 Exruusslll
865 2503 942 2539 sacrae
959 2489 1096 2552 scripture,
1147 2495 1193 2542 tem
1206 2489 1369 2558 Antoninunrfl.
1383 2490 1423 2542 31.
1440 2495 1462 2540 et
1475 2489 1630 2554 sequentibus.
1643 2489 1712 2555 Quod
1721 2495 1803 2542 mrtem
1812 2491 1900 2540 mtertrr

328 2582 373 2620 nec
387 2573 472 2621 contra
484 2569 711 2620 determinationem
723 2565 833 2617 ecclesie
848 2563 989 2622 Collatiae,
1005 2565 1099 2628 elqaod
1146 2567 1249 2632 probare
1270 2571 1421 2618 contractam
1448 2579 1501 2616 esse
1528 2565 1652 2627 illicitam,
1674 2565 1901 2617 inducantilladsla

329 2646 403 2695 eliam
416 2661 448 2696 ec
462 2646 633 2696 contrarietate
650 2643 737 2693 talium
750 2642 893 2706 opinionum
906 2653 956 2689 non
970 2639 1100 2688 inducatur
1148 2643 1227 2694 debila
1252 2644 1326 2693 latior
1349 2643 1387 2692 ria
1414 2643 1450 2691 eal
1475 2641 1603 2703 stipenda:
1620 2643 1787 2706 respondetur,
1806 2642 1846 2691 bae
1860 2653 1902 2691 esre

328 2723 360 2772 od
385 2719 553 2772 dubitandam.
582 2718 682 2770 llocciue
706 2721 740 2768 est
756 2715 944 2781 probabiliorem
966 2714 1099 2764 sententiam
1148 2735 1232 2772 cerem
1245 2721 1275 2772 eie
1292 2722 1423 2779 temerate,
1440 2719 1558 2770 etorerdi
1570 2719 1719 2783 majoritate,
1734 2719 1903 2770 noadetalatir

329 2798 476 2864 prescribere
489 2794 686 2861 amplectendam?
702 2791 784 2845 Subdlt
796 2791 887 2856 quidem
898 2805 911 2842 e
922 2789 1017 2853 vestigio
1027 2789 1054 2840 S.
1069 2789 1098 2840 o.
1148 2797 1290 2846 meeeeiieie
1304 2795 1382 2860 peimi
1395 2798 1478 2847 emme
1491 2796 1564 2847 iiiiii
1575 2795 1699 2859 ‚eiiepem
1710 2799 1904 2860 reperientem

330 2874 372 2925 Sed
386 2872 474 2923 bimam
490 2870 537 2921 at'bt'
549 2868 724 2920 commenticm
747 2873 770 2916 ei
784 2865 952 2916 credulitatem
969 2864 1057 2927 stirme!
1070 2863 1100 2913 de
1148 2873 1301 2936 Reiissitlmm
1314 2873 1416 2922 impare,
1431 2886 1506 2937 quum
1519 2872 1595 2922 tutior
1608 2871 1650 2922 via
1661 2871 1788 2935 511,qu
1801 2873 1825 2921 iii
1836 2869 1904 2921 aulo

329 2963 367 3008 eo,
383 2948 446 3014 qood
459 2946 535 2997 credit
549 2949 665 3008 leaenam
687 2943 716 2994 de
732 2939 937 2992 ruoesnrtroru
952 2939 1041 2999 Parle3
1060 2938 1100 2988 sed
1146 2961 1323 3012 peememee„
1340 2949 1400 2997 ilem
1417 2961 1491 3011 paam
1504 2947 1590 2998 dicam
1602 2961 1617 2996 a
1631 2947 1785 3011 qaibttadam,
1800 2945 1859 3011 prod
1870 2961 1904 2996 ar·

331 3021 592 3075 nistrelisS.1l.aul
613 3019 703 3069 sibimet
732 3016 854 3076 adversari,
880 3019 919 3065 aut
941 3013 1101 3078 ermemirum
1148 3037 1241 3088 peiere
1255 3037 1280 3073 ee
1296 3023 1407 3088 peeieme
1418 3023 1513 3087 peeemi
1532 3023 1645 3073 meeieiie
1661 3025 1698 3072 eei
1717 3023 1906 3073 memmium.

331 3097 555 3151 Probabiliorismum
580 3095 706 3155 admittere,
728 3093 802 3154 dices,
826 3091 876 3141 heio
890 3090 1026 3140 Antoninum
1040 3089 1102 3155 loqui
1150 3100 1209 3148 emm
1230 3099 1260 3150 Β,
1294 3099 1410 3149 Tiemem
1430 3097 1457 3147 m
1481 3097 1517 3160 4,,
1533 3099 1576 3149 eea
1589 3111 1669 3148 emere
1681 3097 1800 3163 premere
1811 3100 1906 3162 jerem

331 3186 376 3226 non
398 3173 428 3224 dt
455 3169 655 3224 Probabiliurismo
678 3169 782 3229 directo,
803 3166 843 3216 sed
866 3166 1007 3230 detestati,
1020 3179 1060 3216 seu
1074 3165 1101 3215 tie
1150 3187 1272 3238 exponere
1287 3188 1313 3223 ee
1328 3173 1439 3238 periculo
1449 3174 1545 3238 peccati
1558 3172 1680 3234 mortalis,
1693 3175 1753 3237 quia
1769 3171 1906 3234 dubim&

331 3249 433 3315 practico
444 3247 540 3312 judicio,
560 3260 605 3312 quo
621 3245 672 3310 quis
685 3243 729 3294 sibi
738 3242 866 3310 persuadet,
882 3240 1022 3306 probabilius
1036 3253 1102 3305 posse
1151 3249 1450 3300 mremiiieitmmicie.
1466 3249 1635 3313 iimpeeieme
1659 3248 1772 3312 pepercere
1793 3249 1905 3299 mmm,

331 3339 356 3376 se
370 3324 413 3376 bac
427 3324 463 3374 vel
477 3323 516 3374 illa
530 3323 553 3372 in
567 3336 592 3372 re
606 3319 745 3386 probabilem
767 3318 831 3382 sequi
856 3316 998 3374 seutentiam.
1019 3330 1102 3382 quem·
1151 3324 1206 3376 Nm
1219 3325 1285 3374 mim
1299 3337 1379 3374 emere
1390 3323 1510 3388 predicto
1517 3326 1579 3388 jaro
1592 3327 1629 3374 est
1640 3337 1765 3388 seponere
1778 3338 1803 3374 ee
1813 3325 1907 3389 petalo

331 3399 452 3451 admodum
478 3399 536 3448 lutra
558 3397 666 3449 Niderum
680 3393 805 3459 explicabo.
822 3393 846 3443 s.
862 3392 914 3457 qula
931 3393 962 3441 alt
980 3391 1006 3443 S.
1022 3393 1061 3454 u,
1077 3407 1102 3443 se
1150 3400 1244 3464 peceati
1256 3399 1367 3448 mortalis
1381 3399 1524 3463 simpliciter
1538 3399 1667 3464 loquendo,
1684 3399 1727 3449 sed
1740 3399 1859 3450 berceram
1870 3400 1907 3450 islo

331 3474 355 3526 id
369 3474 442 3539 magis
459 3475 482 3524 ln
497 3473 593 3539 septima
609 3470 687 3535 regula
700 3469 884 3520 declaratumm:
901 3467 954 3532 quid
968 3471 1042 3519 numm
1056 3471 1103 3520 sta·
1151 3475 1289 3525 conditione
1301 3474 1425 3538 adjuncta,
1441 3473 1533 3525 seilicet
1542 3473 1685 3532 contento.
1697 3473 1733 3525 ibi
1750 3487 1802 3525 esee
1810 3475 1906 3534 nomm.

270 3543 272 3547 ’
330 3551 375 3602 tait
387 3551 411 3601 iu
425 3550 520 3615 septima
533 3547 630 3614 regulet
644 3545 769 3598 audiamus.
786 3543 923 3596 Secundam
940 3543 1059 3593 loannem
1072 3543 1101 3595 de
1152 3549 1269 3600 sumendo
1280 3551 1379 3614 proprie
1392 3547 1502 3610 dabam,
1517 3563 1575 3600 eam
1588 3549 1682 3600 soilimt
1695 3563 1746 3600 non
1759 3551 1835 3614 macic
1848 3549 1909 3601 decli

337 3627 456 3678 tambaco
474 3625 559 3692 (tloruit
572 3623 609 3674 hic
623 3621 666 3673 sub
689 3633 773 3672 aunum
797 3618 884 3680 1390,
907 3631 934 3669 ec
955 3617 1102 3671 uoninloano
1152 3629 1195 3675 not
1208 3626 1240 3674 ad
1254 3637 1328 3674 annm
1343 3629 1446 3688 portem,
1467 3637 1541 3688 quom
1557 3625 1589 3674 od
1603 3624 1680 3674 oliam
1693 3626 1827 3676 meandum
1840 3627 1909 3676 ratio-

333 3701 412 3754 Ordini
427 3715 507 3752 nomeu
523 3699 593 3762 dedit,
608 3697 742 3764 scripsitque
762 3695 889 3760 spondam
907 3695 1043 3757 Pollentiae,
1062 3709 1102 3747 seu
1153 3714 1228 3760 nem,·
1254 3700 1297 3750 sed
1318 3702 1361 3766 qai
1382 3702 1441 3750 emt
1455 3699 1583 3764 praedicta,
1599 3703 1680 3764 polest
1701 3714 1752 3750 non
1775 3700 1909 3751 dubitarerlr

333 3777 530 3830 comototiomm
550 3774 695 3837 t'teoloeio,
716 3785 773 3837 opus
789 3771 812 3820 iu
829 3769 957 3834 quindecim
973 3770 1044 3822 libros
1057 3771 1102 3821 tri·
1153 3777 1207 3835 tac,
1224 3775 1266 3826 sed
1275 3776 1372 3840 opinari
1385 3775 1481 3825 licitam
1489 3789 1551 3832 ease,
1563 3788 1596 3825 ea
1609 3789 1656 3840 qao
1667 3789 1715 3839 per
1728 3775 1859 3827 Ecclesiam
1871 3789 1909 3826 ma

332 3854 420 3916 butum,
435 3857 502 3920 atque
519 3865 578 3902 anno
596 3851 669 3901 rtet.
685 3847 780 3900 Parisiis
789 3845 882 3905 editum,
898 3845 997 3897 Colonia
1022 3847 1103 3898 deinde
1154 3855 1189 3902 est
1203 3851 1391 3901 determinatam
1404 3851 1564 3911 contrariom,
1575 3851 1681 3901 etmolti
1698 3854 1828 3915 sopientes,
1842 3857 1864 3902 et
1873 3865 1910 3917 pe·

331 3943 436 3980 recusum
450 3943 487 3979 au.
507 3925 595 3993 1502.)
608 3925 736 3990 septuplex
749 3923 860 3973 doctrina
874 3935 920 3986 per
928 3923 1104 3988 virtatemlipi·
1153 3927 1197 3977 riti
1224 3927 1318 3976 licitam
1343 3929 1490 3976 asseverat.
1521 3924 1593 3984 (tuam
1617 3925 1703 3976 rectius
1716 3925 1759 3976 sibl
1778 3925 1911 3978 romuleisrl

332 4005 408 4058 clete
430 4005 580 4069 scrupolose
608 3999 762 4052 conscientie
796 3997 906 4062 proficua
933 3997 989 4047 dari
1012 4001 1102 4062 potest.
1153 4001 1281 4063 Petuarius,
1296 3997 1401 4051 Antonini
1415 4001 1490 4052 locam
1505 4000 1910 4053 dissimulandoexsecundasuarua

334 4079 444 4146 moram
462 4081 545 4145 primo
567 4081 612 4137 eat,
642 4077 707 4126 inter
729 4074 826 4131 darom,
851 4076 874 4122 et
891 4073 1020 4136 benlpnam
1038 4075 1105 4125 circa
1154 4077 1232 4142 parte!
1249 4077 1307 4128 Num
1321 4075 1549 4128 Probabilistaetiam
1564 4076 1693 4128 laxissimas
1707 4075 1911 4143 aliterloquerelart

332 4161 455 4224 moecepto
472 4155 626 4214 sententiam,
655 4147 718 4216 qaod
743 4149 847 4212 beateae
862 4151 899 4198 eat
918 4148 999 4212 potios
1016 4151 1104 4200 celeria
1154 4153 1225 4217 Urget
1244 4152 1366 4203 historicus
1387 4149 1565 4202 Probabilismi:
1587 4151 1614 4203 S.
1638 4153 1765 4204 Antoninus
1777 4167 1791 4203 a
1805 4153 1851 4204 Pr.
1864 4153 1912 4202 las·

332 4232 435 4298 poribus
449 4230 615 4295 interpretollo
629 4224 761 4291 socienda:
775 4224 839 4288 qaod
852 4224 925 4273 etiam
935 4225 1024 4273 asserit
1038 4222 1106 4275 Gall·
1154 4242 1220 4294 quea,
1236 4227 1348 4290 Sauciet,
1367 4225 1462 4292 aliisque
1474 4225 1632 4278 Probabillstis
1649 4226 1709 4278 inter
1719 4227 1913 4294 lutiprobabd'alar

334 4309 431 4358 telmas.
447 4305 525 4370 Hujus
539 4305 602 4354 ratio
616 4305 662 4364 est,
678 4300 736 4366 poia
747 4301 870 4364 precepto
884 4297 927 4348 llei
951 4301 974 4348 et
988 4299 1105 4350 Ecclesiae
1155 4303 1244 4354 dlsertis
1257 4301 1332 4353 verbis
1347 4301 1451 4354 retertur.
1467 4301 1517 4352 llou
1532 4302 1671 4366 negaverim.
1698 4301 1913 4368 intrinsecam

333 4397 384 4434 oon
398 4385 455 4433 sant
468 4381 510 4431 ad.
524 4377 647 4430 toleodam
665 4388 762 4426 omnem
776 4373 929 4438 spiritualem
943 4373 1104 4437 dolcedinem,
1155 4379 1182 4429 do
1196 4377 1291 4430 llelasco
1304 4379 1412 4429 adversus
1425 4375 1623 4428 Probabilioristas
1645 4377 1763 4438 Nidemm,
1783 4377 1913 4438 Silrrstmu,

335 4473 390 4524 qam
404 4461 468 4509 certe
484 4456 586 4516 tollitur,
601 4451 699 4518 quondo
713 4450 788 4499 nimis
810 4447 960 4513 scrupulose,
985 4453 1008 4499 et
1022 4450 1106 4500 timide
1155 4458 1177 4504 et
1191 4451 1322 4518 cajetanum
1337 4453 1400 4514 citat,
1416 4465 1473 4518 quos
1486 4455 1562 4503 tanen
1577 4466 1619 4518 pro
1632 4453 1827 4505 Probabilioristis
1840 4455 1915 4506 nerse

332 4537 457 4601 precepta
481 4531 680 4595 interpretantur.
710 4525 822 4579 Secunda
845 4524 956 4574 doctrina
973 4525 1106 4575 secundnm
1155 4529 1270 4581 contendit
1283 4529 1418 4580 ilistoricus.
1442 4527 1555 4578 Nimirum
1582 4528 1651 4594 (quod
1674 4543 1728 4580 sane
1746 4529 1805 4581 baud
1821 4529 1914 4592 injuriant

334 4611 449 4662 virtutem
475 4605 608 4672 Epicbeie,
634 4603 697 4668 qaod
720 4601 794 4662 Dens,
807 4615 852 4650 nec
875 4599 985 4650 Ecclesia
999 4613 1046 4665 per
1061 4615 1106 4651 crta
1155 4610 1230 4656 cetera
1243 4604 1315 4655 doctis
1327 4601 1458 4667 theologis)
1479 4603 1585 4654 Antonini
1599 4603 1669 4654 verba
1687 4617 1732 4655 non
1745 4605 1801 4656 setis
1815 4603 1916 4671 expende-

333 4689 457 4753 precepto
470 4681 573 4734 intendit
591 4679 697 4744 oblipare
722 4676 754 4726 od
767 4675 915 4740 impossibile
929 4675 1036 4726 alicui...
1051 4675 1106 4729 Non
1155 4681 1201 4730 rint
1213 4679 1333 4744 lassulus,
1348 4677 1454 4739 Saucius,
1477 4681 1499 4728 et
1520 4677 1568 4740 alii,
1587 4681 1627 4728 aut
1642 4677 1691 4742 rjus
1709 4679 1773 4730 locos
1789 4694 1817 4730 er
1833 4679 1915 4730 mrum

336 4763 416 4814 solum
429 4760 520 4811 dicitur
532 4755 691 4821 impossibile,
707 4752 771 4816 qood
789 4751 897 4802 obsolute
910 4765 959 4802 aon
977 4758 1012 4802 est
1022 4755 1107 4817 porsi-
1155 4755 1199 4806 flde
1212 4753 1341 4805 indicarint.
1358 4751 1422 4812 duod
1437 4765 1506 4820 porro
1520 4765 1578 4818 opus
1591 4758 1637 4814 est,
1652 4753 1724 4804 aliena
1737 4754 1780 4806 bac
1791 4755 1820 4806 de
1832 4753 1916 4818 raiard-

336 4839 393 4898 bile,
410 4835 452 4888 sed
465 4836 539 4886 etiam
552 4831 647 4883 oidelar
660 4827 868 4894 interpretandam
882 4827 1015 4878 secundum
1032 4833 1107 4882 uirtu-
1156 4830 1192 4882 cia
1204 4829 1327 4895 querere?
1343 4827 1437 4879 bustam
1458 4827 1565 4880 Antonini
1592 4827 1664 4890 libri3
1687 4834 1782 4889 exstant,
1797 4845 1846 4896 que
1858 4842 1916 4894 snpra

336 4917 385 4964 tem
399 4911 522 4978 lipiclreie
536 4909 563 4960 ia
577 4908 629 4971 lepe
652 4919 722 4962 nouo,
747 4917 800 4954 esce
814 4903 971 4967 impossibile,
987 4904 1052 4968 qaod
1065 4908 1107 4957 eric
1156 4905 1303 4966 reddidimus,
1328 4903 1476 4955 testimonia:
1505 4915 1533 4954 ex
1554 4903 1591 4953 his
1608 4903 1662 4968 quid
1681 4905 1807 4956 tntomuus
1823 4905 1915 4964 sennem

336 4994 373 5040 est
383 4987 509 5054 possibile,
523 4987 606 5048 utpote
620 4981 721 5032 nimiam
733 4977 823 5029 babens
839 4977 1017 5042 disfirraltotem.
1037 4979 1107 5032 Alias
1157 4980 1264 5044 colligere
1278 4979 1345 5031 tacite
1359 4992 1487 5045 possumus.
1511 4977 1561 5030 Stet
1586 4977 1666 5043 igitur,
1691 4979 1827 5031 Antoninum
1849 4979 1916 5031 unu

336 5064 456 5131 quomodo
479 5061 615 5112 salvaretur
642 5057 714 5117 illud,
742 5067 804 5105 onas
828 5067 911 5104 orarem
929 5054 1002 5105 lecet
1019 5054 1106 5107 Saliari
1155 5055 1235 5120 iurea
1252 5057 1281 5107 P.
1301 5055 1330 5106 de
1347 5053 1444 5120 Champs
1462 5052 1626 5104 Probabilistas
1639 5055 1698 5105 inter
1713 5055 1783 5106 tuisse
1801 5069 1915 5107 mansan.

336 5139 459 5206 respondet
480 5135 607 5189 ilistoricus
633 5129 792 5183 Probabilismi
810 5129 837 5180 t'.
861 5131 882 5179 l.
896 5145 953 5194 pop.
973 5129 1043 5191 stt..
1058 5131 1106 5184 sola
1157 5131 1260 5183 Ceterum
1276 5131 1318 5181 etsi
1339 5129 1366 5182 S.
1390 5127 1676 5180 oecumenicarum
1701 5133 1834 5181 seutentiam
1850 5131 1917 5181 rone

337 5216 422 5277 Gratia,
439 5218 462 5264 el
477 5211 575 5265 Canale
591 5209 646 5260 Jesu
660 5206 752 5268 Christi,
767 5218 819 5270 que
832 5217 900 5255 suere
914 5205 987 5257 reddit
1002 5205 1106 5270 Evange-
1157 5206 1282 5271 amplexus.
1298 5205 1408 5274 potuisset
1419 5204 1448 5255 eb
1462 5207 1555 5255 auctore
1572 5209 1652 5256 nostro
1666 5205 1749 5271 opponi
1762 5205 1914 5257 wendroekla

336 5294 408 5344 licum
418 5291 517 5355 iugum
537 5291 560 5338 at
578 5285 657 5337 viderit
678 5284 737 5349 ipse,
769 5280 821 5347 quei
847 5280 870 5331 id
888 5281 1000 5332 Antonino
1019 5281 1108 5347 probari
1158 5281 1297 5341 Quumeuim
1312 5280 1437 5331 antoninus
1450 5279 1827 5332 saltemmtnustutamioconflietn
1840 5279 1914 5331 tutior'u

336 5373 414 5435 posset
427 5366 455 5417 ad
473 5363 587 5430 Epichcie
605 5362 709 5412 urtutem
724 5355 871 5420 conlugienti.
886 5355 974 5419 Objicil
989 5357 1109 5409 Patmrius
1159 5355 1266 5422 amplecti
1280 5370 1322 5408 nos
1339 5369 1406 5422 posse
1429 5355 1562 5406 sententiam
1583 5355 1717 5418 detenderit,
1738 5355 1808 5422 (quod
1821 5357 1840 5407 is
1852 5355 1914 5406 roim

339 5445 374 5510 [Τ.
390 5443 416 5494 i.
433 5457 470 5494 eo.
486 5451 545 5491 xrrr.
561 5453 585 5504 p.
600 5435 664 5502 db),
679 5435 706 5486 S.
723 5433 842 5483 Ductorem
856 5445 938 5482 summ.
952 5445 977 5496 p.
992 5432 1018 5481 t.
1029 5431 1107 5483 llll.
1159 5436 1234 5496 neget,
1249 5433 1287 5498 qui
1303 5447 1330 5483 ne
1345 5431 1416 5482 hilum
1430 5429 1520 5496 quidem
1534 5429 1557 5480 in
1575 5429 1639 5481 bisce
1657 5430 1816 5498 qnesdonibns
1828 5433 1914 5481 rernm

338 5536 360 5572 e.
377 5519 419 5570 tt.
434 5517 455 5585 i.
470 5517 496 5568 ll.
515 5514 611 5581 probare
634 5512 693 5562 hauc
715 5507 865 5560 sententiam:
883 5521 967 5558 omnes
981 5506 1067 5557 debent
1085 5521 1109 5559 se
1158 5507 1206 5570 sit),
1222 5505 1911 5573 poteratsaueheicebeocitarimuiprobandumsuserpaal.

338 5597 368 5648 ab
382 5597 456 5660 baim
473 5592 592 5656 errrptlooe
606 5587 644 5655 (de
658 5584 771 5650 emptione
778 5596 853 5634 sermo
867 5587 901 5634 est
908 5581 992 5646 jurium
998 5595 1109 5646 quorum·
1159 5587 1260 5636 neumam
1270 5597 1297 5634 cx
1314 5583 1350 5634 his
1364 5581 1565 5649 propositionibus.
1581 5581 1606 5632 t.
1622 5595 1656 5632 ee
1668 5581 1760 5634 daciae
1775 5581 1911 5648 monier
