3946 6344
347 377 406 436 568
982 371 1031 432 DE
1053 370 1303 436 SAGlllLEGIO.

337 543 423 620 justa
436 541 475 602 ad
490 541 520 601 id
534 545 662 616 cogente
676 543 849 619 expectata
870 537 935 598 solo
950 537 1013 597 lieo
1027 535 1115 597 effec-
1165 557 1195 618 q.
1220 541 1251 600 6.
1275 540 1301 600 si
1323 557 1398 600 vero
1418 557 1467 600 res
1484 538 1587 600 ablata
1607 539 1701 600 brerit
1722 557 1775 619 per
1791 541 1898 605 roddens

343 639 411 695 tum
438 633 628 708 constantiae,
649 637 679 693 et
703 629 840 692 victoriae
860 630 942 690 inter
961 633 1115 690 tormenta
1166 637 1288 694 tantum
1303 633 1337 693 in
1350 633 1496 706 Ecclesia,
1506 653 1538 695 v.
1548 649 1577 709 g.
1590 649 1736 694 crumena
1749 633 1801 694 viri
1811 633 1896 712 ditiis,

343 727 497 788 ordinarie
515 724 692 787 excedentia
708 725 790 784 vires
808 723 975 796 naturales,
993 722 1116 801 quaerit
1165 725 1366 804 probabiliter
1380 744 1443 788 non
1459 726 1612 788 committi
1625 725 1822 800 sacrilegium,
1835 728 1898 788 docet

343 837 405 899 que
430 819 614 898 periculum,
643 836 662 879 a
690 835 752 897 quo
776 816 966 890 nullatenus,
996 820 1051 874 aut
1063 814 1116 874 vix
1166 818 1262 880 Diana
1267 837 1303 899 p.
1319 823 1347 880 l.
1362 826 1400 881 tr.
1418 821 1448 880 7.
1467 818 1506 880 Il.
1522 821 1573 880 at.
1589 837 1628 880 ex
1641 818 1781 896 Fagund.
1791 823 1898 900 praet

343 911 467 974 liberari
484 916 595 992 potest,
610 910 671 971 nisi
696 928 715 970 a
738 909 803 970 solo
827 910 899 970 Deo.
915 908 997 969 Tum
1011 912 1115 967 autem
1166 905 1188 968 l.
1203 911 1232 969 4.
1251 927 1277 968 c.
1293 909 1322 972 2.
1340 928 1371 969 a.
1387 912 1417 970 9.
1432 915 1460 969 et
1472 910 1522 970 it.
1539 915 1565 969 et
1578 907 1896 977 maeltiaconnaSuar.

342 1009 465 1066 tantum
491 1010 538 1066 est
556 1004 640 1083 justa
668 1019 769 1075 eausa,
796 1001 920 1080 quando
940 1000 1025 1061 adest
1041 1017 1116 1079 proe-
1165 1001 1274 1080 Laym.
1290 1001 1420 1062 stallos.

343 1102 478 1176 ceptum,
508 1097 558 1158 vel
585 1095 749 1157 eonsilium
766 1093 907 1173 Martyrii
923 1112 930 1154 ε
949 1097 1018 1153 tum
1031 1092 1117 1153 adest
1207 1094 1229 1126 ‘⁶
1246 1091 1304 1155 ΙΙΙ.
1326 1093 1422 1155 Reele
1441 1092 1635 1171 saerilegium
1655 1097 1702 1153 est
1721 1093 1836 1172 indigna
1846 1099 1901 1156 trae·

342 1187 677 1269 praeceptum,quando
686 1192 732 1248 est
743 1186 949 1247 necessarium
959 1185 998 1245 ad
1007 1183 1112 1261 fidem,
1165 1186 1252 1260 tatio,
1275 1192 1307 1246 et
1323 1186 1548 1247 administratio
1565 1185 1835 1254 Sacramentorum,
1849 1190 1899 1248 uisi

343 1282 395 1347 vel
418 1283 549 1342 salutem
570 1281 742 1342 multorum
754 1278 949 1352 servandam,
963 1277 1003 1337 ad
1016 1277 1116 1336 vitan-
1165 1277 1391 1354 ministrentur,
1415 1278 1465 1339 vel
1493 1278 1701 1357 suscipiantur
1728 1296 1796 1338 cum
1810 1287 1901 1357 peccato

343 1374 398 1434 das
416 1374 634 1453 blasphemiae,
660 1377 717 1433 etc.
739 1372 820 1431 Tum
841 1371 926 1431 adest
939 1369 1112 1444 consilium,
1165 1370 1300 1432 mortali.
1317 1372 1394 1431 ltem
1412 1370 1586 1449 profanatio
1605 1387 1763 1442 rasorum,
1777 1376 1805 1430 et
1816 1371 1901 1432 iustru-

343 1467 468 1546 quando
482 1467 614 1526 sentitur
627 1464 789 1544 peculiaris
803 1464 858 1524 Dei
872 1463 1045 1534 instinctus,
1061 1467 1116 1522 aut
1164 1468 1345 1524 mentorum
1355 1481 1563 1538 sacrorum,v.
1578 1480 1610 1541 g.
1622 1463 1648 1522 si
1657 1463 1901 1541 quiscaliceutatur

343 1576 382 1619 cx
409 1575 445 1618 eo
469 1558 515 1618 nil
542 1557 627 1617 aliud
655 1556 817 1636 quaeritur,
840 1555 890 1616 vel
904 1555 1114 1633 consequitur,
1165 1554 1199 1617 in
1213 1556 1373 1630 convivi03
1394 1561 1578 1618 ornamenta
1596 1556 1754 1628 altarium,
1769 1556 1813 1616 vel
1824 1557 1901 1618 Sacr-

342 1649 402 1709 nisi
428 1651 483 1710 Dei
510 1650 619 1728 gloria,
645 1655 675 1710 et
694 1648 767 1710 fidei
780 1647 924 1709 exaltatio
939 1665 946 1706 :
963 1646 1001 1706 de
1015 1651 1116 1706 cetero
1165 1649 1274 1708 dotum
1289 1649 1327 1709 ad
1341 1667 1418 1710 usus
1431 1648 1577 1729 profanos
1585 1648 1741 1727 applicet;
1757 1647 1902 1726 inteligede

343 1739 409 1801 sine
423 1742 477 1802 tuli
499 1760 589 1802 causa
601 1759 768 1821 provocare
782 1746 944 1818 tyrannos,
964 1737 1114 1814 infideles,
1165 1739 1213 1817 iis,
1225 1758 1295 1819 quta
1306 1741 1491 1816 consecrari,
1502 1741 1551 1802 rel
1563 1740 1673 1801 saltem
1679 1740 1815 1802 benedici
1821 1741 1902 1816 solent,

342 1837 397 1892 aut
423 1833 585 1894 hereticos
612 1833 651 1894 ad
682 1832 878 1893 inferendum
909 1830 1114 1908 Martyrium,
1165 1848 1241 1891 nam
1254 1833 1293 1892 ad
1307 1833 1443 1912 nuptias,
1461 1832 1511 1894 vel
1529 1850 1733 1894 communem
1746 1851 1828 1893 usum
1840 1833 1903 1894 adhi-

343 1925 438 1986 etiam
452 1932 498 1987 est
510 1926 669 2005 cooperari
689 1925 730 1985 ad
744 1930 904 2005 peccatum
918 1922 1055 1998 illorum,
1069 1923 1117 1983 uti
1166 1923 1239 1985 berc
1266 1930 1395 2004 tapetes,
1424 1925 1620 2002 candelabra,
1649 1925 1777 2004 pelvim,
1802 1925 1862 2002 imo,
1883 1931 1904 1985 et

343 2035 415 2078 cum
443 2018 511 2078 aliis
540 2017 629 2078 docet
653 2017 685 2078 S.
706 2017 763 2077 Th.
789 2018 820 2078 2.
834 2017 865 2078 2.
881 2034 911 2096 q.
928 2017 1071 2076 maort.
1084 2018 1114 2076 l.
1166 2018 1411 2097 manutergium,
1421 2024 1569 2092 etcetera,
1581 2017 1791 2097 quacmediate
1800 2018 1904 2077 senium

342 2107 392 2170 od.
408 2113 437 2171 3.
1166 2109 1339 2171 ministerio
1357 2129 1456 2186 sacro,
1484 2128 1549 2170 non
1576 2128 1641 2172 esse
1667 2115 1822 2189 peccatum
1842 2109 1905 2168 doce

618 2226 777 2286 DUBIUM
798 2227 841 2286 Π,
1166 2201 1275 2262 Tamb.
1291 2202 1335 2264 De
1349 2201 1453 2283 ecped.
1464 2202 1569 2284 saeris.
1589 2203 1612 2263 l.
1634 2205 1664 2262 l.
1679 2221 1707 2262 c.
1719 2203 1749 2262 ἢ.
1765 2201 1904 2262 nisiinter

421 2353 512 2426 Quid,
532 2359 560 2410 e,
577 2351 743 2424 quotuplex
761 2355 802 2409 m
819 2351 1042 2424 mmmmm?
1166 2293 1269 2373 aliquo
1284 2300 1465 2374 contemptu
1479 2295 1588 2356 saltem
1602 2295 1765 2374 implicito,
1778 2294 1905 2354 utsisen·

1167 2401 1234 2463 per,
1263 2389 1293 2444 et
1317 2384 1530 2445 indifferenter
1557 2385 1599 2446 sie
1627 2384 1726 2444 utarb
1748 2383 1903 2463 supradictis

386 2477 407 2509 “
431 2477 527 2556 Resp.
544 2474 745 2554 Sacrilegium
758 2479 804 2536 est
812 2474 937 2535 violatio
952 2473 997 2535 rei
1009 2491 1114 2550 sacrae,
1167 2476 1268 2554 Atque
1282 2477 1365 2538 idem
1379 2477 1514 2538 affirmat
1527 2477 1564 2537 de
1574 2476 1723 2550 candelis,
1735 2475 1904 2553 remissura,

279 2565 319 2625 48
343 2567 403 2629 boc
424 2573 480 2642 est,
510 2567 618 2628 dieatae
652 2566 748 2630 cultui
780 2567 896 2644 divino,
912 2570 942 2626 et
957 2570 1116 2645 peecatum
1166 2567 1303 2644 incenso,
1325 2576 1356 2631 et
1369 2569 1523 2630 similibus
1534 2570 1718 2645 benedictis,
1733 2568 1812 2648 quod
1825 2568 1906 2628 inno

344 2662 475 2722 mortale
502 2679 541 2722 ex
568 2677 681 2740 genere
709 2677 778 2733 suo,
803 2659 828 2719 si
854 2677 932 2740 opus
945 2657 1117 2738 specialiter
1167 2659 1242 2720 diois
1267 2661 1331 2722 istis
1358 2661 1625 2722 benedictionibus
1646 2680 1714 2722 non
1740 2666 1840 2740 agatur
1856 2675 1905 2719 cun

342 2758 496 2834 repugnet
523 2770 595 2814 eum
623 2753 670 2813 rei
696 2751 867 2828 sanctitate,
895 2768 960 2811 non
985 2768 1070 2823 vero,
1092 2749 1117 2809 si
1166 2757 1253 2813 tanto
1278 2753 1380 2832 rigore
1402 2753 1442 2814 ab
1468 2755 1616 2829 Ecclesia,
1644 2759 1681 2814 ut
1705 2752 1904 2832 patetinpane,

341 2845 527 2925 generaliter
550 2851 674 2906 tantum
693 2848 866 2924 repugnet;
882 2843 1038 2923 quomodo
1052 2860 1117 2903 om·
1167 2844 1263 2923 ligno,
1279 2845 1475 2924 carbonibus,
1495 2855 1553 2908 etc.
1575 2847 1759 2914 benedictis,
1775 2847 1809 2907 V.
1824 2843 1905 2904 Tamb.
1949 2835 1951 2918 l

341 2939 394 3000 nia
416 2943 545 3018 peccata
572 2937 715 2998 mortalia
732 2935 917 3014 generaliter
941 2940 1117 3014 repugnant
1166 2937 1193 3016 ᾗ.
1207 2939 1236 2998 3.
1254 2939 1330 2998 item
1341 2938 1478 3006 violatio,
1494 2937 1907 3016 velindignatractatiosacn·
1949 2925 1951 3052 4

341 3029 507 3105 sanctitati,
521 3048 550 3091 v.
567 3047 598 3108 g.
618 3027 738 3108 templi,
754 3029 798 3089 ita
811 3033 848 3088 ut
860 3027 904 3088 ibi
919 3045 990 3088 oum
1004 3027 1117 3089 veniali
1165 3047 1236 3088 rum
1252 3029 1435 3108 imaginum,
1453 3035 1484 3090 et
1497 3029 1728 3108 Reliquiarum.
1742 3031 1814 3090 ltem
1823 3027 1907 3088 abusus
1950 3053 1951 3114 3

340 3128 466 3205 peccato
477 3122 725 3184 committantur.
740 3122 794 3181 Est
803 3125 908 3182 autem
920 3120 1117 3199 saerilegium
1168 3121 1906 3201 Scriptu1·seSacrae,v.g.adstabiliendashaereses‚
1950 3125 1951 3128 ’

341 3214 467 3296 triplex,
483 3213 657 3293 personale,
678 3231 741 3292 quo
759 3229 903 3292 persona,
921 3213 1039 3281 Locale,
1055 3229 1117 3291 quo
1166 3213 1784 3294 velresturpes.ltemrapturabonorum
1791 3213 1906 3285 melosa,
1949 3207 1950 3250 ἒ

341 3308 439 3378 locus,
457 3311 486 3368 et
501 3305 609 3380 Reale,
626 3323 688 3384 quo
702 3321 751 3366 res
761 3304 829 3364 aliae
843 3322 937 3366 sacrae
948 3304 1115 3380 violantur,
1167 3306 1343 3386 suppressio
1359 3305 1484 3386 piorum
1494 3307 1680 3386 legatorum,
1692 3307 1745 3368 rel
1753 3307 1859 3386 jurium
1869 3305 1907 3364 Ec-

343 3400 377 3461 S.
393 3399 451 3461 Th.
468 3399 499 3459 ἢ.
518 3399 550 3458 2.
572 3415 604 3477 q.
625 3398 674 3458 99.
693 3403 754 3457 ort.
771 3398 800 3457 3.
815 3403 842 3457 et
856 3393 1115 3476 certeril'kcclogi.
1167 3397 1266 3459 elesiae
1293 3398 1461 3473 fraudatio,
1486 3405 1543 3460 ete.
1569 3399 1607 3460 V.
1634 3399 1704 3460 lill.
1732 3404 1774 3459 tr.
1797 3397 1906 3458 ilci.
1949 3453 1950 3456 ,

348 3488 432 3554 Unde
446 3489 571 3552 resolves
1167 3490 1280 3569 Regin.
1298 3488 1321 3551 l.
1335 3491 1386 3551 29.
1402 3511 1431 3551 u.
1449 3493 1498 3552 57.
1518 3491 1610 3552 Suar.
1948 3489 1950 3524 ³

385 3586 406 3618 “
431 3584 457 3646 I.
488 3583 655 3644 Personale
677 3581 873 3662 merilegium
895 3587 942 3642 est
960 3580 1117 3660 percussio
1209 3585 1231 3618 “
1258 3583 1314 3644 IV.
1340 3582 1486 3644 Peccatur
1510 3582 1604 3644 etiam
1624 3583 1797 3662 sacrilegio,
1816 3585 1907 3663 mato

342 3675 449 3739 (lanei
461 3694 469 3737 ι
481 3675 646 3756 pertractio
659 3674 798 3753 ejusdem
809 3673 849 3734 ad
860 3673 1010 3751 judicium
1023 3690 1119 3734 saecu·
1166 3674 1350 3753 omissionis,
1368 3693 1400 3735 v,
1420 3693 1451 3754 g.
1468 3676 1495 3736 si
1507 3694 1578 3755 quae
1592 3676 1633 3736 ad
1650 3675 1837 3737 Sacrificium
1848 3689 1907 3752 spat·

342 3769 427 3845 lare;
442 3766 973 3845 itemluxuriosariolatiopersonae
987 3766 1051 3826 Deo
1063 3784 1118 3845 per
1166 3772 1243 3840 tant,
1258 3773 1295 3827 ut
1306 3766 1488 3846 corporalia,
1513 3773 1544 3828 et
1562 3767 1686 3844 similia,
1706 3769 1770 3829 sint
1781 3766 1858 3828 valde
1867 3766 1906 3826 in·
1948 3843 1949 3850 ἵ

342 3867 452 3922 votum
470 3860 620 3922 castitatis
641 3865 777 3934 saerata,
797 3859 835 3919 de
849 3875 911 3938 qua
925 3877 953 3919 v.
971 3856 1030 3938 ies.
1047 3865 1069 3918 t.
1085 3859 1114 3920 4.
1166 3861 1296 3936 munda,
1311 3861 1423 3922 Bonae.
1442 3869 1510 3924 tom.
1528 3859 1756 3924 l.deEecdor.
1773 3859 1843 3940 disp.
1854 3860 1905 3935 tp.
1948 3871 1949 3878 ¹

344 3951 757 4016 c.l.de6.Proec.dub.l.
1167 3951 1221 4014 ult.
1233 3971 1265 4033 p.
1282 3955 1313 4014 9.
1330 3969 1361 4014 a.
1379 3953 1430 4013 lt.

387 4047 408 4081 “
435 4046 473 4106 ll.
497 4044 608 4107 Locale
625 4043 822 4122 sacrilegium
839 4048 885 4103 est
903 4041 1005 4102 omnis
1019 4047 1116 4120 aetus,
1208 4045 1325 4106 “Vln
1338 4042 1906 4124 oonfcnioneexprimendoestspecia

343 4156 407 4218 quo
430 4136 565 4199 Ecclesia
586 4135 748 4217 polluitur,
769 4140 806 4196 ut
828 4139 873 4194 est
894 4153 924 4195 v.
952 4151 982 4212 g.
1006 4134 1117 4194 occisio
1167 4141 1198 4197 et
1219 4136 1349 4198 materia
1368 4136 1529 4216 sacrilegii.
1555 4137 1648 4198 Ratio
1669 4139 1845 4219 priorisest.
1858 4132 1906 4214 quit
1947 4143 1948 4174 ³

343 4229 490 4305 bominis,
507 4228 615 4290 effusio
633 4228 763 4289 humani
781 4227 950 4306 sanguinis,
965 4226 1016 4286 vel
1029 4226 1118 4287 semi·
1166 4247 1248 4308 saepe
1260 4229 1414 4290 diversam
1422 4229 1696 4306 malitiambabet3
1707 4225 1906 4310 v.g.pcrcussi⁰
1947 4235 1948 4248 ¹

344 4322 411 4396 nis3
430 4321 544 4398 illicita,
567 4324 598 4381 et
621 4320 744 4381 notoria
761 4319 919 4399 sepultura
941 4335 1119 4379 exeommu-
1166 4321 1347 4397 Sacerdotis,
1374 4327 1406 4383 et
1422 4320 1586 4382 fornicatio
1609 4341 1682 4383 cum
1711 4324 1827 4385 eodem.
1842 4317 1906 4380 nato
1946 4251 1948 4374 l

344 4413 508 4490 nicati,vel
521 4431 586 4474 non
599 4412 764 4492 baptizati:
778 4413 853 4473 item
862 4412 887 4472 si
898 4411 1117 4490 actusquidam
1165 4414 1342 4492 posterioris
1356 4420 1413 4489 est,
1429 4414 1505 4494 quia
1524 4414 1618 4474 etiam
1632 4409 1906 4494 materiaaliquantlt

344 4505 465 4587 profani
478 4505 556 4566 liant
572 4505 606 4564 in
621 4505 765 4574 Ecclesia,
783 4509 814 4565 et
828 4509 1038 4584 repugnantes
1051 4503 1117 4582 ejus
1165 4511 1268 4584 auget,
1296 4511 1328 4568 et
1349 4507 1433 4567 addit
1456 4506 1618 4576 malitiam,
1642 4525 1671 4568 v.
1695 4525 1727 4588 g.
1745 4507 1907 4569 sisitcomt
1946 4503 1947 4528 ¹

344 4597 548 4666 immunitati,
558 4603 594 4658 ut
607 4597 632 4657 si
646 4597 880 4674 negotiationes,
893 4597 991 4658 illiciti
1003 4614 1116 4657 concu-
1166 4597 1399 4672 Eucharistiam,
1429 4598 1515 4660 addit
1548 4598 1724 4662 secundum
1750 4599 1905 4666 Gordonun,

345 4690 438 4765 bitus,
457 4695 488 4751 et
503 4689 673 4769 spurcities,
690 4689 865 4764 seditiones,
882 4689 1010 4750 concilia
1023 4707 1118 4749 saecu·
1166 4691 1325 4751 communi
1338 4690 1500 4752 violationi
1513 4691 1558 4752 rei
1572 4709 1667 4752 sacrae
1683 4691 1770 4753 aliud
1783 4693 1905 4772 procantu

343 4783 432 4858 laria,
441 4781 662 4842 stabulationes
672 4799 837 4861 equorum,
846 4781 1000 4858 incendia,
1013 4781 1119 4842 elirao-
1166 4787 1273 4843 contra
1286 4784 1433 4844 Latriam.
1453 4783 1613 4862 Attingere
1629 4791 1738 4845 autem
1751 4783 1905 4845 nudamur

345 4875 457 4950 tiones,
467 4872 673 4952 spoliationes.
683 4873 775 4950 item,
784 4871 948 4934 simateria
957 4874 1003 4933 rei
1012 4891 1116 4953 sacra,
1166 4874 1525 4954 calicespatenaaaras,
1539 4869 1905 4954 agnoscereos‚en.ctris

345 4966 395 5029 vel
406 4965 549 5028 Ecclesiae
562 4965 678 5027 directe
695 4965 735 5026 ad
749 4964 893 5044 profanos
905 4983 1117 5028 ususconver-
1166 4971 1249 5027 mate
1277 4967 1425 5036 delibuta,
1443 4986 1505 5028 non
1520 4967 1591 5029 licet
1604 4967 1764 5045 foeminis,
1788 4974 1816 5028 et
1836 4963 1904 5025 laici.

345 5065 449 5122 tatur:
467 5059 501 5121 Si
514 5077 586 5120 reus
604 5075 642 5119 ex
661 5056 792 5120 Ecclesia
803 5057 888 5118 velut
903 5057 1000 5137 asylo,
1016 5064 1117 5120 extra·
1168 5058 1249 5119 Citra
1262 5063 1477 5139 contemptum
1499 5065 1606 5120 tamen
1622 5078 1690 5122 non
1702 5067 1749 5122 est
1761 5051 1904 5128 modulati

345 5153 439 5215 hatur
474 5150 543 5234 (nisi
575 5156 682 5212 tamen
716 5151 756 5212 sit
781 5151 861 5211 latro
888 5150 1041 5230 publicus,
1068 5153 1119 5213 vel
1166 5169 1265 5210 vacua
1284 5151 1364 5211 sint:
1386 5158 1417 5212 et
1440 5151 1466 5211 si
1487 5169 1579 5212 causa
1600 5152 1712 5229 subsit,
1734 5171 1790 5213 nec
1805 5145 1903 5216 vende,

346 5250 517 5308 nocturnus
536 5243 738 5323 depopulator
756 5227 912 5322 agrorirm,
928 5243 977 5304 vel
990 5261 1118 5306 enorme
1168 5243 1257 5304 Suar.
1269 5243 1379 5305 Tamb.
1404 5243 1432 5323 §.
1451 5248 1481 5304 l.
1495 5245 1568 5305 Sine
1582 5263 1676 5305 causa
1689 5251 1803 5320 autem,
1817 5237 1903 5302 venda

347 5336 535 5399 maleficium
561 5335 674 5397 fiducia
703 5336 781 5416 asyli
810 5334 878 5396 istic
907 5335 1116 5418 commiserit).
1168 5353 1233 5396 esse
1247 5336 1358 5396 docent
1377 5336 1467 5396 Suar.
1493 5337 1571 5397 lion.
1593 5342 1625 5398 et
1647 5337 1702 5398 alii
1714 5334 1901 5401 communiter:

349 5429 487 5507 Denique
505 5427 531 5488 si
546 5427 629 5489 iurto
644 5428 825 5490 auferantur
837 5446 886 5490 res
895 5429 1051 5506 Ecclesiae,
1064 5435 1118 5491 aut
1167 5425 1239 5488 licet
1252 5427 1361 5488 Tamb.
1377 5427 1398 5488 l.
1417 5446 1443 5488 c.
1466 5445 1503 5489 ex
1521 5429 1572 5502 Sa,
1588 5434 1648 5490 ete.
1665 5429 1844 5512 eontrarium
1853 5440 1901 5484 oeu-

349 5519 561 5599 ibidepositae,
581 5521 688 5600 Laym.
709 5521 730 5583 l.
751 5523 783 5582 4.
804 5527 843 5583 tr.
870 5523 920 5582 to:
939 5539 965 5584 c.
986 5524 1017 5583 ’1.
1037 5523 1114 5586 Bon.
1167 5515 1903 5601 seatprobabile3utietsicorporalia,etp1uifica·
