3938 6338
538 387 588 448 DE
607 384 713 446 LOCIS
733 381 901 446 monitis
922 381 1161 442 THEOLOGIAE.
1585 378 1644 440 205

110 562 250 624 XXXVI.
275 563 360 642 Papa
382 576 455 622 cum
471 557 615 620 omnibus
629 553 750 618 Clerissis
764 551 827 614 suis
918 561 973 622 VI.
993 561 1152 622 Sarmendo
1170 557 1336 621 Ecclesiam
1352 577 1408 640 pro
1429 559 1646 620 convocatione

75 653 282 733 pcaesionem
305 653 491 715 habentibus
515 655 588 712 sunt
611 647 760 722 haeretici,
790 662 827 706 00
877 653 1177 734 praedestinatorum,
1199 653 1262 714 sive
1282 652 1398 713 luerint
1412 652 1446 712 in
1458 652 1567 730 gratie,
1583 653 1647 713 sive

74 747 148 826 quod
173 746 374 827 possessiones
398 745 533 806 habeut:
559 748 590 805 et
602 739 828 804 consentientes
877 743 1646 826 uonsccundumpraesentemjustitiem,istomodo

73 838 120 916 eis,
128 856 231 900 omnes
236 837 507 902 Videlioefflomini
516 835 688 910 saeeulares,
697 829 827 894 electori
877 837 1010 898 Ecclesia
1021 843 1067 900 est
1079 838 1225 899 articulus
1238 837 1319 898 fidei,

72 931 142 994 laici.
917 931 983 992 Vll.
1002 931 1110 992 Petrus
1132 949 1197 992 non
1221 936 1276 1009 est,
1292 929 1421 992 necfuit
1433 935 1527 1009 caput
1542 927 1645 991 Eccle-

106 1024 254 1086 XXXVlI.
278 1023 413 1086 Ecclesia
438 1025 578 1085 Romana
600 1024 646 1081 est
662 1019 828 1098 synagoga
877 1020 931 1084 site
948 1023 977 1083 S.
997 1022 1170 1085 Catholicae.

71 1117 193 1194 Satanae,
222 1135 280 1179 nec
305 1118 386 1197 Papa
409 1121 455 1178 est
479 1113 650 1196 proximus,
672 1109 826 1171 etimme·
917 1115 1003 1176 VIII.
1036 1115 1216 1176 Sacerdotes
1236 1112 1468 1194 quomodolibet
1481 1113 1647 1178 criminose

71 1209 315 1271 diamsVicarius
329 1209 453 1285 Christi,
468 1213 499 1268 et
512 1204 739 1286 Apostolorum.
877 1205 1014 1268 virentes
1038 1208 1204 1269 Sacerdotii
1231 1208 1375 1286 polluunt
1397 1213 1591 1287 potestatem,
1616 1213 1647 1268 et

104 1301 262 1365 XXXVIII.
286 1301 457 1363 Decretales
476 1299 615 1362 Ecclesiae
629 1297 691 1356 siut
701 1311 829 1374 apocry-
877 1297 955 1359 sicut
968 1298 1026 1360 filii
1039 1299 1178 1360 infideles
1200 1300 1337 1361 sentiunt
1350 1299 1514 1360 infideliter
1529 1301 1567 1361 de
1581 1319 1648 1382 sep·

69 1393 142 1474 phas,
155 1395 345 1456 etseducunt
356 1394 444 1456 elide
459 1391 584 1464 Christi,
597 1394 628 1452 et
637 1386 747 1449 Clerici
755 1390 829 1448 suut
876 1393 939 1450 tem
948 1391 1359 1468 sacrementisEeclesiie,de
1368 1390 1514 1466 clavibus,
1525 1392 1645 1471 officiis,

68 1485 156 1563 stulti,
169 1486 225 1566 qui
239 1487 366 1548 student
377 1487 430 1548 eis.
877 1484 1024 1560 censuris,
1036 1485 1186 1561 moribus,
1199 1485 1403 1560 eaeremoniis,
1416 1490 1446 1546 et
1455 1485 1548 1546 sacris
1554 1485 1647 1548 rebus

103 1579 247 1642 XXXIX.
266 1581 446 1660 Imperator,
470 1584 501 1638 et
523 1573 648 1638 Domini
668 1570 829 1633 saeculms
878 1576 1032 1652 EcclesIm,
1054 1577 1254 1638 veneratione
1281 1577 1506 1656 ReIIquiarum,
1538 1577 1646 1639 Indul-

67 1677 133 1734 sunt
143 1671 261 1734 seducti
273 1689 293 1731 a
305 1671 445 1749 Diabolo,
459 1675 494 1731 ut
507 1665 672 1730 Ecclesiam
686 1664 829 1726 dotereut
877 1668 999 1746 gentiis,
1016 1673 1047 1728 et
1061 1668 1239 1730 Ordinibus.

67 1764 147 1826 bouis
155 1763 387 1845 temporalibus.
917 1761 969 1822 IX.
987 1760 1108 1841 Papolis
1133 1762 1265 1841 dignitas
1285 1779 1304 1822 a
1324 1762 1441 1822 Caesare
1457 1759 1595 1837 inolevit,
1617 1768 1648 1826 et

100 1859 163 1920 XL.
179 1857 296 1919 Electio
309 1850 665 1936 PapesaCardinalibus,
677 1847 826 1911 adiebolo
877 1853 972 1932 Papae
987 1852 1142 1932 perfectio,
1159 1860 1189 1915 et
1198 1853 1351 1915 institutio
1365 1872 1384 1915 a
1399 1853 1524 1915 Caesaris
1536 1859 1646 1934 poten-

67 1949 301 2011 cstintrcducta.
877 1943 920 2005 tie
929 1945 1094 2008 emanavit.

100 2043 174 2104 XLI.
191 2043 264 2104 Nou
278 2047 324 2104 est
336 2041 375 2102 de
392 2039 571 2102 necessitate
584 2035 689 2099 salutis
702 2033 828 2096 credere
916 2036 953 2098 X.
976 2037 1086 2099 Nullus
1105 2037 1172 2100 sinc
1191 2037 1378 2100 revelatione
1393 2045 1541 2101 assereret
1554 2039 1648 2102 ratic-

66 2135 228 2198 Romanam
253 2133 422 2196 Ecclesiam
449 2151 515 2196 esse
541 2147 720 2212 supremam
734 2126 827 2204 ,iuter
877 2128 1021 2191 nobiliter
1046 2131 1085 2192 de
1112 2149 1154 2208 se,
1182 2132 1232 2193 vel
1257 2131 1329 2208 elio,
1357 2131 1440 2211 quod
1459 2138 1537 2194 esset
1556 2139 1648 2214 ceput

65 2228 299 2292 uliasEcelesias.
877 2221 1018 2284 Ecclesiae
1036 2223 1238 2303 particularis,
1258 2243 1315 2286 nec
1330 2225 1492 2286 Romanus
1506 2225 1648 2286 Pontifex

99 2321 186 2383 XLII.
217 2322 356 2383 Fetuum
389 2327 434 2383 est
466 2319 591 2382 credere
624 2311 826 2394 Indulgentiis
877 2319 923 2374 est
936 2320 1030 2393 caput
1044 2315 1196 2377 Romane
1210 2315 1352 2377 Ecclesiae
1366 2315 1569 2395 particularis.

66 2415 159 2494 Papae,
176 2419 209 2476 et
221 2415 454 2495 Episcoporum.
917 2406 966 2466 ΧΙ.
986 2407 1185 2487 Nonoportet
1197 2407 1332 2483 credere,
1343 2407 1427 2486 quod
1438 2407 1494 2468 iste
1508 2409 1648 2488 quicum·

98 2507 203 2568 XLIII.
229 2509 415 2569 duramenta
435 2504 544 2566 illicita
556 2507 640 2576 sunt,
657 2517 728 2580 quae
746 2498 827 2559 liunt
877 2515 938 2578 que
961 2504 1007 2559 est
1024 2499 1186 2559 Romanm
1208 2497 1361 2575 Pontifex,
1388 2499 1427 2559 sit
1442 2506 1534 2579 caput
1547 2501 1648 2580 cirjris

65 2598 98 2660 ad
122 2599 368 2662 corroborandos
393 2600 548 2661 humanos
575 2597 767 2668 contractus,
796 2593 828 2652 et
877 2607 1009 2670 eumque
1035 2591 1230 2670 particularIs
1255 2590 1398 2652 Ecclesia
1426 2590 1560 2667 Sancte,
1586 2592 1645 2654 nisi

65 2693 242 2755 commercia
255 2691 367 2754 ciuilia.
877 2682 1328 2763 Deuseumpraedestinaverit.

98 2787 205 2849 XLIV.
220 2785 424 2866 brigantinus,
436 2782 632 2856 Benedictus,
647 2783 678 2840 et
692 2779 826 2838 Berner·
917 2774 986 2835 XII.
1012 2775 1109 2836 Nemo
1128 2774 1208 2854 gerit
1223 2775 1322 2836 vicem
1343 2773 1467 2852 oense,
1484 2774 1533 2838 vel
1547 2777 1644 2854 Petri,

65 2878 116 2940 dus
132 2879 273 2941 damnati
297 2883 380 2954 sunt,
405 2877 464 2938 uisi
489 2873 690 2956 poenituerint
704 2870 742 2930 de
754 2869 825 2946 hoc,
877 2865 936 2927 uisi
949 2871 1094 2947 sequatur
1107 2885 1180 2928 eum
1191 2867 1226 2928 in
1239 2866 1388 2940 moribus,
1404 2885 1475 2928 cum
1490 2868 1576 2930 ncilla
1587 2869 1648 2932 alia

65 2973 139 3051 quod
150 2969 556 3050 babueramtpcssessiones,
570 2972 600 3028 et
613 2963 826 3037 instituerunt,
877 2959 1001 3038 sequela
1022 2959 1060 3021 sit
1080 2960 1294 3040 pertiuentior,
1315 2977 1373 3021 nec
1387 2959 1475 3021 aliter
1488 2961 1648 3041 recipiats

65 3071 92 3125 et
102 3065 297 3126 inbsverunt
310 3063 493 3139 religiones:
510 3065 541 3122 et
554 3057 720 3136 sicaPapa
730 3071 828 3134 usque
877 3051 940 3112 Deo
958 3052 1202 3131 procuratorium
1218 3055 1412 3132 potestatem,
1428 3053 1501 3132 quie
1517 3053 1556 3114 ad
1570 3053 1647 3116 illud

64 3158 98 3218 ed
114 3158 262 3219 ultImum
282 3156 485 3236 Religiosum,
507 3169 614 3215 omnes
635 3153 708 3212 sunt
727 3149 826 3209 heere·
877 3143 1012 3204 officium
1044 3143 1218 3205 Vieariatus
1250 3143 1430 3224 requiritur,
1462 3151 1493 3206 et
1523 3163 1647 3208 moram

64 3249 119 3312 fici,
877 3235 1084 3312 conformitm,
1101 3243 1132 3298 et
1141 3235 1330 3298 instituentis
1344 3237 1523 3300 authoritas.

99 3344 183 3408 XLV.
212 3345 331 3405 Omnes
348 3338 526 3420 Religiones
545 3336 757 3400 indifferenter
777 3331 827 3393 in·
917 3329 1003 3389 XlIl.
1032 3331 1118 3408 Papa
1144 3347 1209 3390 nou
1233 3333 1278 3390 est
1300 3347 1403 3406 verus,
1425 3334 1455 3389 et
1468 3329 1647 3394 manifestus

64 3436 206 3500 traductae
220 3440 295 3498 sunt
308 3453 328 3495 a
340 3432 472 3495 diabolo.
877 3437 1032 3484 successor
1043 3421 1261 3501 Apostolorum
1277 3421 1428 3503 l’rincipis
1435 3423 1528 3499 Petri,
1542 3424 1649 3486 sivivit

878 3513 1017 3574 moribus
1031 3512 1313 3593 contraiiisPetr03
1334 3513 1409 3574 etsi
1428 3515 1649 3593 quauitavari-

275 3631 480 3704 ARTlCULl
506 3630 601 3704 XXX
877 3604 964 3681 litim,
986 3610 1060 3684 tunt}
1082 3610 1131 3668 est
1153 3605 1289 3684 vicarius
1312 3605 1402 3667 Judae
1421 3605 1593 3685 scharioth.
1611 3609 1649 3670 Et

603 3684 611 3700 ⁰
878 3698 946 3776 pari
965 3696 1119 3759 evidentis
1144 3697 1320 3759 cardinales
1347 3716 1412 3759 non
1432 3705 1505 3760 sunt
1522 3701 1598 3776 veri,
1618 3704 1649 3762 et

64 3803 182 3866 tomus
196 3803 260 3865 ltus
273 3799 484 3874 dessohcmia
497 3799 826 3862 damnauannottls.
878 3789 1032 3852 manifesti
1049 3807 1234 3868 sucessores
1251 3789 1380 3869 Collega
1400 3789 1533 3852 altorum
1554 3796 1648 3873 Apos-

127 3897 160 3958 ᾗ]
174 3895 311 3960 00n0ffi0
326 3893 552 3956 Constantiana
564 3891 698 3956 sessione
712 3895 762 3956 45,
878 3881 1014 3943 telorum
1027 3881 1149 3957 Christi,
1166 3880 1225 3942 nisi
1232 3881 1373 3942 vixerint
1388 3899 1476 3943 more
1489 3883 1649 3964 Apostolo-

878 3991 961 4052 rum,
981 3979 1137 4036 servantes
1154 3973 1309 4049 mandata,
1331 3977 1362 4035 et
1383 3974 1510 4053 consilia
1524 3977 1648 4038 Domini

101 4063 124 4125 1.
153 4062 255 4125 Unice
278 4066 324 4124 est
351 4065 457 4122 sancta
483 4058 666 4121 universalis
684 4057 826 4139 Ecclesia,
879 4065 981 4128 Nostri
995 4067 1071 4128 Jesu
1085 4065 1207 4127 christi.

65 4173 129 4236 quae
142 4161 188 4216 est
201 4153 492 4234 predestinatorum
506 4152 698 4216 universitas.
918 4158 996 4220 XIV.
1021 4161 1165 4220 Doctores
1188 4163 1349 4238 ponentes,
1370 4159 1455 4238 quod
1469 4158 1580 4240 aliquis
1592 4179 1649 4244 per

101 4248 141 4310 II.
166 4247 281 4308 Paulus
311 4265 474 4326 uunquam
491 4245 551 4306 tuit
573 4245 750 4307 membrum
768 4243 831 4306 dia·
879 4267 1041 4312 censuram
1051 4249 1289 4328 Ecclesiastmem
1303 4250 1526 4329 emendandus,
1542 4254 1569 4314 si
1585 4273 1650 4318 cor-

64 4339 134 4416 holi,
148 4341 221 4402 lieet
234 4339 341 4401 lecerit
350 4340 500 4419 quosdam
513 4345 597 4400 actus
605 4338 723 4400 actibus
729 4339 831 4399 Eccle-
879 4342 939 4422 rigi
960 4343 1104 4412 noluerit,
1127 4343 1265 4403 saeculari
1279 4341 1395 4421 judicio
1410 4349 1455 4403 est
1468 4345 1646 4422 tradendus,

64 4435 112 4495 sle
126 4433 366 4513 mabgnantium
380 4433 563 4494 consimiles.
879 4453 936 4516 pro
964 4442 1045 4497 certo
1072 4441 1245 4514 sequuntur
1271 4435 1305 4495 in
1329 4435 1388 4495 hoc
1412 4437 1593 4517 Pontifices,
1620 4444 1650 4501 et

102 4528 158 4588 lll.
175 4526 386 4589 Praeseitinon
398 4530 470 4586 sunt
482 4532 584 4605 partes
594 4523 744 4596 Ecclesiae,
758 4541 830 4585 cum
881 4527 1012 4604 Scribas,
1028 4533 1059 4588 et
1072 4527 1255 4603 Pharisaeos,
1271 4525 1324 4606 qui
1340 4527 1497 4590 Christum
1517 4549 1583 4592 non
1594 4551 1649 4594 vo-

65 4618 147 4680 nulla
157 4637 229 4700 pars
241 4619 308 4697 ejus
319 4618 453 4679 finaliter
462 4617 581 4678 excidet
589 4616 628 4677 ab
640 4635 686 4692 ea,
696 4635 732 4677 eo
747 4615 831 4696 quod
880 4619 995 4681 lentem
1021 4619 1065 4680 eis
1092 4619 1217 4681 obedire
1245 4619 1280 4679 iu
1308 4619 1471 4697 omuibus,
1501 4623 1648 4703 diqentes,

66 4709 340 4789 predestinationis
364 4709 507 4788 charites,
532 4727 601 4790 quoe
625 4709 723 4788 ipsam
743 4709 828 4787 ligat,
881 4710 963 4771 nobis
979 4731 1036 4772 noa
1055 4711 1125 4772 licet
1146 4710 1309 4793 interficere
1334 4731 1523 4794 quemquam,
1547 4715 1651 4796 ipsum

64 4821 126 4864 uon
139 4803 270 4865 excidet.
365 4855 369 4862 .
881 4803 1019 4864 soecidari
1036 4803 1152 4882 judicio
1180 4803 1376 4865 tradiderunt
1383 4823 1391 4881 ;
1421 4813 1452 4866 et
1477 4807 1561 4887 quod
1575 4807 1652 4869 tales

102 4897 156 4957 lV.
182 4897 256 4957 Duae
279 4900 400 4956 naturae
422 4893 571 4955 diainitas
591 4898 622 4955 et
643 4893 831 4970 humanitas,
881 4895 1118 4974 sinthomicidce
1132 4897 1288 4976 graviores
1300 4915 1394 4976 quam
1409 4899 1536 4961 Pilatum.

65 5001 229 5050 sanctinus
242 4987 392 5050 Christus.
921 4989 992 5050 XV.
1011 4988 1189 5051 Obedientia
1203 4989 1412 5050 Ecclesiastico
1423 4996 1469 5052 est
1478 4991 1652 5054 obedientia

102 5083 139 5144 V.
152 5081 314 5144 Praescitus
327 5081 384 5142 etsi
393 5079 559 5160 aliquando
570 5085 616 5141 est
629 5079 662 5140 in
675 5079 775 5159 gratia
785 5097 833 5140 se·
883 5081 1053 5142 secundum
1067 5081 1320 5144 adinventionem
1336 5083 1534 5145 Sacerdotem
1553 5084 1653 5162 Eccle-

66 5175 204 5236 eandum
224 5179 409 5255 praescntem
432 5173 594 5252 justitiam,
624 5177 730 5233 temen
749 5189 833 5232 nun·
883 5172 947 5248 siae,
964 5179 1076 5254 prater
1092 5191 1268 5256 expressam
1285 5172 1504 5236 authoritatem
1519 5176 1654 5258 Scriptu-

66 5283 160 5345 quam
184 5272 227 5327 est
249 5285 321 5347 pars
336 5267 367 5327 S.
386 5265 539 5342 Ecclesiae,
556 5279 587 5325 et
600 5264 834 5344 predestinatus
884 5281 1001 5328 rarum.

66 5375 188 5438 semper
203 5363 310 5420 menet
325 5356 502 5418 membrum
521 5355 677 5433 Ecclesia,
691 5355 764 5417 licet
777 5355 833 5416 ali·
923 5358 1002 5420 XVI.
1032 5356 1146 5420 Divisio
1164 5355 1344 5419 immediata
1356 5355 1565 5420 bumanorum
1580 5377 1654 5442 ope-

67 5449 192 5529 qusndo
201 5449 320 5512 excidat
331 5468 349 5510 a
362 5449 461 5528 gretia
474 5448 653 5528 adventitia,
671 5449 724 5512 sed
738 5467 834 5510 nono
884 5467 955 5512 rum
970 5455 1026 5528 est,
1046 5451 1130 5530 quod
1153 5456 1225 5512 sunt
1242 5450 1293 5511 vel
1310 5449 1455 5528 virtuose,
1470 5450 1520 5511 vel
1531 5451 1651 5534 vitiose,

68 5542 165 5622 gratie
175 5541 459 5624 predestinationis.
885 5541 958 5622 quia
976 5543 1001 5603 si
1023 5543 1118 5604 lromo
1135 5548 1180 5604 est
1199 5541 1336 5621 vitiosus,
1353 5541 1460 5622 etegit
1475 5541 1651 5626 quiequam,
