<?xml version="1.0" encoding="UTF-8"?>
<!DOCTYPE html PUBLIC "-//W3C//DTD XHTML 1.0 Transitional//EN"
    "http://www.w3.org/TR/xhtml1/DTD/xhtml1-transitional.dtd">
<html xmlns="http://www.w3.org/1999/xhtml" xml:lang="en" lang="en">
 <head>
  <title>
</title>
<meta http-equiv="Content-Type" content="text/html;charset=utf-8" />
  <meta name='ocr-system' content='tesseract 3.04.00' />
  <meta name='ocr-capabilities' content='ocr_page ocr_carea ocr_par ocr_line ocrx_word'/>
</head>
<body>
  <div class='ocr_page' id='page_1' title='image "./theologiamorali00busegoog/theologiamorali00busegoog_0557.png"; bbox 0 0 3946 6344; ppageno 0'>
   <div class='ocr_carea' id='block_1_1' title="bbox 676 441 1644 507">
    <p class='ocr_par' dir='ltr' id='par_1_1' title="bbox 676 441 1644 507">
     <span class='ocr_line' id='line_1_1' title="bbox 676 441 1644 507; baseline -0.004 -1"><span class='ocrx_word' id='word_1_1' title='bbox 676 445 799 506; x_wconf 82' lang='lat' dir='ltr'>LIBER</span> <span class='ocrx_word' id='word_1_2' title='bbox 821 444 1027 507; x_wconf 78' lang='lat' dir='ltr'>SECUNDUS</span> <span class='ocrx_word' id='word_1_3' title='bbox 1586 441 1644 502; x_wconf 77' lang='lat' dir='ltr'><strong>sta</strong></span> 
     </span>
    </p>
   </div>
   <div class='ocr_carea' id='block_1_2' title="bbox 60 605 1646 1060">
    <p class='ocr_par' dir='ltr' id='par_1_2' title="bbox 60 605 1646 1060">
     <span class='ocr_line' id='line_1_2' title="bbox 63 605 1645 690; baseline 0.002 -25"><span class='ocrx_word' id='word_1_4' title='bbox 63 605 149 683; x_wconf 89' lang='lat' dir='ltr'><strong>blica,</strong></span> <span class='ocrx_word' id='word_1_5' title='bbox 165 613 219 668; x_wconf 89' lang='lat' dir='ltr'><strong>out</strong></span> <span class='ocrx_word' id='word_1_6' title='bbox 238 607 325 688; x_wconf 88' lang='lat' dir='ltr'><strong>prior</strong></span> <span class='ocrx_word' id='word_1_7' title='bbox 344 607 494 670; x_wconf 85' lang='lat' dir='ltr'>Dominus</span> <span class='ocrx_word' id='word_1_8' title='bbox 512 615 653 672; x_wconf 89' lang='lat' dir='ltr'><strong>censetur</strong></span> <span class='ocrx_word' id='word_1_9' title='bbox 673 611 776 688; x_wconf 88' lang='lat' dir='ltr'><strong>malle,</strong></span> <span class='ocrx_word' id='word_1_10' title='bbox 792 617 828 674; x_wconf 89' lang='lat' dir='ltr'><strong>ut</strong></span> <span class='ocrx_word' id='word_1_11' title='bbox 875 612 971 690; x_wconf 91' lang='lat' dir='ltr'><strong>tiam,</strong></span> <span class='ocrx_word' id='word_1_12' title='bbox 998 611 1050 672; x_wconf 90' lang='lat' dir='ltr'><strong>sed</strong></span> <span class='ocrx_word' id='word_1_13' title='bbox 1080 615 1203 672; x_wconf 91' lang='lat' dir='ltr'><strong>tantum</strong></span> <span class='ocrx_word' id='word_1_14' title='bbox 1233 613 1338 671; x_wconf 89' lang='lat' dir='ltr'><strong>contra</strong></span> <span class='ocrx_word' id='word_1_15' title='bbox 1373 607 1574 682; x_wconf 78' lang='lat' dir='ltr'><strong>Cba&#39;ritatem,</strong></span> <span class='ocrx_word' id='word_1_16' title='bbox 1603 606 1645 668; x_wconf 91' lang='lat' dir='ltr'><strong>ita</strong></span> 
     </span>
     <span class='ocr_line' id='line_1_3' title="bbox 62 699 1645 783; baseline 0 -23"><span class='ocrx_word' id='word_1_17' title='bbox 62 699 134 760; x_wconf 86' lang='lat' dir='ltr'><strong>tales</strong></span> <span class='ocrx_word' id='word_1_18' title='bbox 151 706 299 762; x_wconf 89' lang='lat' dir='ltr'><strong>maneant</strong></span> <span class='ocrx_word' id='word_1_19' title='bbox 311 701 344 762; x_wconf 90' lang='lat' dir='ltr'><strong>in</strong></span> <span class='ocrx_word' id='word_1_20' title='bbox 358 701 470 780; x_wconf 85' lang='lat' dir='ltr'><strong>officio,</strong></span> <span class='ocrx_word' id='word_1_21' title='bbox 485 705 540 783; x_wconf 82' lang='lat' dir='ltr'><strong>qur</strong></span> <span class='ocrx_word' id='word_1_22' title='bbox 552 705 582 765; x_wconf 92' lang='lat' dir='ltr'><strong>id</strong></span> <span class='ocrx_word' id='word_1_23' title='bbox 597 703 710 766; x_wconf 87' lang='lat' dir='ltr'><strong>iaciant</strong></span> <span class='ocrx_word' id='word_1_24' title='bbox 723 706 827 766; x_wconf 86' lang='lat' dir='ltr'><strong>animo</strong></span> <span class='ocrx_word' id='word_1_25' title='bbox 876 705 984 766; x_wconf 85' lang='lat' dir='ltr'><strong>Tamb.</strong></span> <span class='ocrx_word' id='word_1_26' title='bbox 1010 723 1042 765; x_wconf 84' lang='lat' dir='ltr'><strong>a.</strong></span> <span class='ocrx_word' id='word_1_27' title='bbox 1067 705 1097 764; x_wconf 86' lang='lat'><strong>3.</strong></span> <span class='ocrx_word' id='word_1_28' title='bbox 1125 703 1212 778; x_wconf 86' lang='lat' dir='ltr'><strong>Quod</strong></span> <span class='ocrx_word' id='word_1_29' title='bbox 1238 703 1264 762; x_wconf 90' lang='lat' dir='ltr'><strong>si</strong></span> <span class='ocrx_word' id='word_1_30' title='bbox 1287 701 1473 776; x_wconf 66' lang='lat' dir='ltr'><strong>intenderes</strong></span> <span class='ocrx_word' id='word_1_31' title='bbox 1495 705 1532 761; x_wconf 93' lang='lat' dir='ltr'><strong>ut</strong></span> <span class='ocrx_word' id='word_1_32' title='bbox 1551 699 1645 761; x_wconf 89' lang='lat' dir='ltr'><strong>semel</strong></span> 
     </span>
     <span class='ocr_line' id='line_1_4' title="bbox 62 791 1646 878; baseline 0.001 -27"><span class='ocrx_word' id='word_1_33' title='bbox 62 791 249 872; x_wconf 87' lang='lat' dir='ltr'><strong>impediendi</strong></span> <span class='ocrx_word' id='word_1_34' title='bbox 261 794 361 872; x_wconf 87' lang='lat' dir='ltr'><strong>majus</strong></span> <span class='ocrx_word' id='word_1_35' title='bbox 374 795 504 871; x_wconf 89' lang='lat' dir='ltr'><strong>malum,</strong></span> <span class='ocrx_word' id='word_1_36' title='bbox 523 802 695 878; x_wconf 87' lang='lat' dir='ltr'><strong>etcumspc</strong></span> <span class='ocrx_word' id='word_1_37' title='bbox 709 798 828 859; x_wconf 80' lang='lat' dir='ltr'>facilius</span> <span class='ocrx_word' id='word_1_38' title='bbox 875 797 1060 876; x_wconf 80' lang='lat' dir='ltr'><strong>deprehensi</strong></span> <span class='ocrx_word' id='word_1_39' title='bbox 1081 795 1150 856; x_wconf 92' lang='lat' dir='ltr'><strong>aliis</strong></span> <span class='ocrx_word' id='word_1_40' title='bbox 1169 795 1287 856; x_wconf 88' lang='lat' dir='ltr'><strong>vicibus</strong></span> <span class='ocrx_word' id='word_1_41' title='bbox 1310 794 1368 854; x_wconf 91' lang='lat' dir='ltr'><strong>sibi</strong></span> <span class='ocrx_word' id='word_1_42' title='bbox 1386 793 1485 872; x_wconf 85' lang='lat' dir='ltr'><strong>magis</strong></span> <span class='ocrx_word' id='word_1_43' title='bbox 1499 793 1646 853; x_wconf 82' lang='lat' dir='ltr'>timerent</span> 
     </span>
     <span class='ocr_line' id='line_1_5' title="bbox 60 885 1644 969; baseline 0.001 -24"><span class='ocrx_word' id='word_1_44' title='bbox 60 886 254 947; x_wconf 89' lang='lat' dir='ltr'><strong>restaumndi</strong></span> <span class='ocrx_word' id='word_1_45' title='bbox 267 905 391 948; x_wconf 86' lang='lat' dir='ltr'><strong>causam</strong></span> <span class='ocrx_word' id='word_1_46' title='bbox 402 887 529 965; x_wconf 87' lang='lat' dir='ltr'><strong>justam,</strong></span> <span class='ocrx_word' id='word_1_47' title='bbox 544 907 637 969; x_wconf 89' lang='lat' dir='ltr'><strong>quom</strong></span> <span class='ocrx_word' id='word_1_48' title='bbox 651 890 745 951; x_wconf 86' lang='lat' dir='ltr'><strong>etiam</strong></span> <span class='ocrx_word' id='word_1_49' title='bbox 760 891 826 952; x_wconf 90' lang='lat' dir='ltr'><strong>ani·</strong></span> <span class='ocrx_word' id='word_1_50' title='bbox 875 889 1057 950; x_wconf 70' lang='lat' dir='ltr'><strong>defraudare</strong></span> <span class='ocrx_word' id='word_1_51' title='bbox 1081 887 1244 966; x_wconf 77' lang='lat' dir='ltr'><strong>gabellum,</strong></span> <span class='ocrx_word' id='word_1_52' title='bbox 1260 893 1291 948; x_wconf 91' lang='lat' dir='ltr'><strong>ct</strong></span> <span class='ocrx_word' id='word_1_53' title='bbox 1304 887 1347 946; x_wconf 91' lang='lat' dir='ltr'><strong>sic</strong></span> <span class='ocrx_word' id='word_1_54' title='bbox 1362 885 1467 946; x_wconf 91' lang='lat' dir='ltr'><strong>minus</strong></span> <span class='ocrx_word' id='word_1_55' title='bbox 1484 885 1644 964; x_wconf 90' lang='lat' dir='ltr'><strong>delinque-</strong></span> 
     </span>
     <span class='ocr_line' id='line_1_6' title="bbox 60 977 1646 1060; baseline 0.001 -23"><span class='ocrx_word' id='word_1_56' title='bbox 60 995 147 1038; x_wconf 90' lang='lat' dir='ltr'><strong>mum</strong></span> <span class='ocrx_word' id='word_1_57' title='bbox 171 978 287 1040; x_wconf 89' lang='lat' dir='ltr'><strong>hahere</strong></span> <span class='ocrx_word' id='word_1_58' title='bbox 310 980 424 1042; x_wconf 86' lang='lat' dir='ltr'><strong>debent</strong></span> <span class='ocrx_word' id='word_1_59' title='bbox 444 982 596 1060; x_wconf 87' lang='lat' dir='ltr'><strong>ejusmodi</strong></span> <span class='ocrx_word' id='word_1_60' title='bbox 614 982 768 1058; x_wconf 87' lang='lat' dir='ltr'><strong>officiales,</strong></span> <span class='ocrx_word' id='word_1_61' title='bbox 785 984 828 1045; x_wconf 86' lang='lat' dir='ltr'><strong>ita</strong></span> <span class='ocrx_word' id='word_1_62' title='bbox 874 986 956 1056; x_wconf 88' lang='lat' dir='ltr'><strong>rent,</strong></span> <span class='ocrx_word' id='word_1_63' title='bbox 971 998 1036 1041; x_wconf 90' lang='lat' dir='ltr'><strong>non</strong></span> <span class='ocrx_word' id='word_1_64' title='bbox 1050 997 1202 1059; x_wconf 75' lang='lat' dir='ltr'><strong>peccares,</strong></span> <span class='ocrx_word' id='word_1_65' title='bbox 1215 980 1334 1058; x_wconf 85' lang='lat' dir='ltr'><strong>quiaex</strong></span> <span class='ocrx_word' id='word_1_66' title='bbox 1348 995 1438 1038; x_wconf 88' lang='lat' dir='ltr'><strong>causa</strong></span> <span class='ocrx_word' id='word_1_67' title='bbox 1452 977 1646 1057; x_wconf 80' lang='lat' dir='ltr'><strong>permitteres</strong></span> 
     </span>
    </p>
   </div>
   <div class='ocr_carea' id='block_1_3' title="bbox 16 1069 1725 2817">
    <p class='ocr_par' dir='ltr' id='par_1_3' title="bbox 16 1069 1725 2817">
     <span class='ocr_line' id='line_1_7' title="bbox 59 1069 1645 1150; baseline -0.001 -18"><span class='ocrx_word' id='word_1_68' title='bbox 59 1071 137 1132; x_wconf 90' lang='lat' dir='ltr'><strong>Less.</strong></span> <span class='ocrx_word' id='word_1_69' title='bbox 154 1089 183 1130; x_wconf 86' lang='lat' dir='ltr'><strong>v.</strong></span> <span class='ocrx_word' id='word_1_70' title='bbox 213 1070 310 1133; x_wconf 74' lang='grc'><strong>1111111.</strong></span> <span class='ocrx_word' id='word_1_71' title='bbox 334 1091 393 1134; x_wconf 85' lang='lat' dir='ltr'><strong>cos.</strong></span> <span class='ocrx_word' id='word_1_72' title='bbox 413 1075 443 1134; x_wconf 74' lang='grc'><strong>1.</strong></span> <span class='ocrx_word' id='word_1_73' title='bbox 460 1073 514 1135; x_wconf 92' lang='lat' dir='ltr'><strong>uhi</strong></span> <span class='ocrx_word' id='word_1_74' title='bbox 533 1094 591 1136; x_wconf 87' lang='lat' dir='ltr'><strong>cas.</strong></span> <span class='ocrx_word' id='word_1_75' title='bbox 610 1077 639 1136; x_wconf 89' lang='grc'><strong>5.</strong></span> <span class='ocrx_word' id='word_1_76' title='bbox 660 1076 703 1136; x_wconf 88' lang='grc'><strong>111</strong></span> <span class='ocrx_word' id='word_1_77' title='bbox 728 1076 827 1139; x_wconf 90' lang='lat' dir='ltr'><strong>multo</strong></span> <span class='ocrx_word' id='word_1_78' title='bbox 875 1092 976 1135; x_wconf 90' lang='lat' dir='ltr'><strong>unum</strong></span> <span class='ocrx_word' id='word_1_79' title='bbox 998 1073 1155 1146; x_wconf 88' lang='lat' dir='ltr'><strong>delictum,</strong></span> <span class='ocrx_word' id='word_1_80' title='bbox 1178 1077 1214 1132; x_wconf 93' lang='lat' dir='ltr'><strong>ut</strong></span> <span class='ocrx_word' id='word_1_81' title='bbox 1230 1071 1456 1150; x_wconf 82' lang='lat' dir='ltr'><strong>impedirentur</strong></span> <span class='ocrx_word' id='word_1_82' title='bbox 1475 1069 1575 1149; x_wconf 90' lang='lat' dir='ltr'><strong>plura.</strong></span> <span class='ocrx_word' id='word_1_83' title='bbox 1596 1071 1645 1131; x_wconf 80' lang='lat' dir='ltr'><strong>An</strong></span> 
     </span>
     <span class='ocr_line' id='line_1_8' title="bbox 58 1161 1642 1247; baseline -0.002 -23"><span class='ocrx_word' id='word_1_84' title='bbox 58 1163 155 1242; x_wconf 81' lang='lat' dir='ltr'><strong>magis</strong></span> <span class='ocrx_word' id='word_1_85' title='bbox 169 1163 289 1225; x_wconf 89' lang='lat' dir='ltr'><strong>licitum</strong></span> <span class='ocrx_word' id='word_1_86' title='bbox 300 1183 363 1226; x_wconf 90' lang='lat' dir='ltr'><strong>esse</strong></span> <span class='ocrx_word' id='word_1_87' title='bbox 378 1165 523 1245; x_wconf 80' lang='lat' dir='ltr'><strong>colligere</strong></span> <span class='ocrx_word' id='word_1_88' title='bbox 535 1168 674 1247; x_wconf 76' lang='lat' dir='ltr'><strong>vectigal,</strong></span> <span class='ocrx_word' id='word_1_89' title='bbox 689 1169 738 1228; x_wconf 84' lang='lat' dir='ltr'><strong>vel</strong></span> <span class='ocrx_word' id='word_1_90' title='bbox 752 1187 826 1229; x_wconf 91' lang='lat' dir='ltr'><strong>con·</strong></span> <span class='ocrx_word' id='word_1_91' title='bbox 875 1165 1063 1227; x_wconf 90' lang='lat' dir='ltr'><strong>liceatalicui</strong></span> <span class='ocrx_word' id='word_1_92' title='bbox 1075 1163 1382 1225; x_wconf 83' lang='lat' dir='ltr'><strong>occasioncmofferrc</strong></span> <span class='ocrx_word' id='word_1_93' title='bbox 1393 1163 1431 1223; x_wconf 87' lang='lat' dir='ltr'><strong>ad</strong></span> <span class='ocrx_word' id='word_1_94' title='bbox 1442 1161 1642 1242; x_wconf 83' lang='lat' dir='ltr'><strong>peccandum,</strong></span> 
     </span>
     <span class='ocr_line' id='line_1_9' title="bbox 57 1252 1644 1337; baseline 0 -23"><span class='ocrx_word' id='word_1_95' title='bbox 57 1255 254 1332; x_wconf 90' lang='lat' dir='ltr'><strong>tributiones,</strong></span> <span class='ocrx_word' id='word_1_96' title='bbox 269 1256 565 1337; x_wconf 79' lang='lat' dir='ltr'><strong>licetimpcndcndae</strong></span> <span class='ocrx_word' id='word_1_97' title='bbox 584 1261 646 1320; x_wconf 91' lang='lat' dir='ltr'><strong>sint</strong></span> <span class='ocrx_word' id='word_1_98' title='bbox 659 1261 697 1321; x_wconf 86' lang='lat' dir='ltr'><strong>ad</strong></span> <span class='ocrx_word' id='word_1_99' title='bbox 709 1261 827 1322; x_wconf 90' lang='lat' dir='ltr'><strong>bellum</strong></span> <span class='ocrx_word' id='word_1_100' title='bbox 875 1265 928 1320; x_wconf 88' lang='lat' dir='ltr'><strong>aut</strong></span> <span class='ocrx_word' id='word_1_101' title='bbox 942 1259 1051 1319; x_wconf 86' lang='lat' dir='ltr'><strong>saltem</strong></span> <span class='ocrx_word' id='word_1_102' title='bbox 1064 1275 1133 1319; x_wconf 88' lang='lat' dir='ltr'><strong>eam</strong></span> <span class='ocrx_word' id='word_1_103' title='bbox 1147 1257 1335 1337; x_wconf 81' lang='lat' dir='ltr'><strong>permittere,</strong></span> <span class='ocrx_word' id='word_1_104' title='bbox 1360 1261 1395 1315; x_wconf 92' lang='lat' dir='ltr'><strong>ut</strong></span> <span class='ocrx_word' id='word_1_105' title='bbox 1412 1252 1581 1335; x_wconf 88' lang='lat' dir='ltr'><strong>in&#39;pcccato</strong></span> <span class='ocrx_word' id='word_1_106' title='bbox 1590 1255 1644 1314; x_wconf 92' lang='lat' dir='ltr'><strong>illo</strong></span> 
     </span>
     <span class='ocr_line' id='line_1_10' title="bbox 57 1347 1644 1431; baseline -0.001 -24"><span class='ocrx_word' id='word_1_107' title='bbox 57 1347 219 1428; x_wconf 83' lang='lat' dir='ltr'><strong>injustum,</strong></span> <span class='ocrx_word' id='word_1_108' title='bbox 236 1349 372 1411; x_wconf 89' lang='lat' dir='ltr'><strong>collectio</strong></span> <span class='ocrx_word' id='word_1_109' title='bbox 388 1351 473 1412; x_wconf 90' lang='lat' dir='ltr'><strong>onim</strong></span> <span class='ocrx_word' id='word_1_110' title='bbox 488 1352 539 1412; x_wconf 89' lang='lat' dir='ltr'><strong>illa</strong></span> <span class='ocrx_word' id='word_1_111' title='bbox 553 1353 590 1413; x_wconf 90' lang='lat' dir='ltr'><strong>dc</strong></span> <span class='ocrx_word' id='word_1_112' title='bbox 603 1372 634 1414; x_wconf 90' lang='lat' dir='ltr'><strong>se</strong></span> <span class='ocrx_word' id='word_1_113' title='bbox 649 1359 694 1413; x_wconf 90' lang='lat' dir='ltr'><strong>est</strong></span> <span class='ocrx_word' id='word_1_114' title='bbox 707 1354 827 1416; x_wconf 86' lang='grc'><strong>111111111-</strong></span> <span class='ocrx_word' id='word_1_115' title='bbox 875 1351 1083 1431; x_wconf 89' lang='lat' dir='ltr'><strong>deprehensus</strong></span> <span class='ocrx_word' id='word_1_116' title='bbox 1105 1351 1288 1428; x_wconf 85' lang='lat' dir='ltr'><strong>corrigatur,</strong></span> <span class='ocrx_word' id='word_1_117' title='bbox 1309 1355 1339 1409; x_wconf 92' lang='lat' dir='ltr'><strong>ct</strong></span> <span class='ocrx_word' id='word_1_118' title='bbox 1361 1348 1526 1428; x_wconf 88' lang='lat' dir='ltr'><strong>resipiscat,</strong></span> <span class='ocrx_word' id='word_1_119' title='bbox 1547 1347 1584 1407; x_wconf 91' lang='lat' dir='ltr'><strong>de</strong></span> <span class='ocrx_word' id='word_1_120' title='bbox 1596 1347 1644 1406; x_wconf 91' lang='lat' dir='ltr'><strong>his</strong></span> 
     </span>
     <span class='ocr_line' id='line_1_11' title="bbox 57 1440 1643 1525; baseline -0.001 -25"><span class='ocrx_word' id='word_1_121' title='bbox 57 1459 138 1516; x_wconf 89' lang='lat' dir='ltr'><strong>rens,</strong></span> <span class='ocrx_word' id='word_1_122' title='bbox 154 1447 186 1500; x_wconf 90' lang='lat' dir='ltr'><strong>et</strong></span> <span class='ocrx_word' id='word_1_123' title='bbox 204 1448 323 1503; x_wconf 89' lang='lat' dir='ltr'><strong>remote</strong></span> <span class='ocrx_word' id='word_1_124' title='bbox 339 1461 370 1502; x_wconf 89' lang='lat' dir='ltr'><strong>se</strong></span> <span class='ocrx_word' id='word_1_125' title='bbox 388 1443 482 1504; x_wconf 87' lang='lat' dir='ltr'><strong>habet</strong></span> <span class='ocrx_word' id='word_1_126' title='bbox 503 1446 542 1504; x_wconf 91' lang='lat' dir='ltr'><strong>ad</strong></span> <span class='ocrx_word' id='word_1_127' title='bbox 563 1452 723 1525; x_wconf 90' lang='lat' dir='ltr'><strong>peccatum</strong></span> <span class='ocrx_word' id='word_1_128' title='bbox 746 1447 826 1508; x_wconf 88' lang='lat' dir='ltr'><strong>male</strong></span> <span class='ocrx_word' id='word_1_129' title='bbox 874 1445 968 1505; x_wconf 88' lang='lat' dir='ltr'><strong>habet</strong></span> <span class='ocrx_word' id='word_1_130' title='bbox 981 1442 1124 1503; x_wconf 88' lang='lat' dir='ltr'><strong>Buscmb.</strong></span> <span class='ocrx_word' id='word_1_131' title='bbox 1140 1443 1256 1502; x_wconf 89' lang='lat' dir='ltr'><strong>relatus</strong></span> <span class='ocrx_word' id='word_1_132' title='bbox 1274 1461 1324 1501; x_wconf 81' lang='lat' dir='ltr'><strong>nu.</strong></span> <span class='ocrx_word' id='word_1_133' title='bbox 1341 1443 1410 1502; x_wconf 71' lang='lat' dir='ltr'><strong>ata.</strong></span> <span class='ocrx_word' id='word_1_134' title='bbox 1427 1441 1460 1500; x_wconf 90' lang='lat' dir='ltr'><strong>in</strong></span> <span class='ocrx_word' id='word_1_135' title='bbox 1474 1440 1547 1514; x_wconf 85' lang='lat' dir='ltr'><strong>fine,</strong></span> <span class='ocrx_word' id='word_1_136' title='bbox 1568 1458 1643 1518; x_wconf 91' lang='lat' dir='ltr'><strong>pos-</strong></span> 
     </span>
     <span class='ocr_line' id='line_1_12' title="bbox 56 1531 1644 1616; baseline 0.001 -25"><span class='ocrx_word' id='word_1_137' title='bbox 56 1531 275 1612; x_wconf 88' lang='lat' dir='ltr'><strong>impcndentis.</strong></span> <span class='ocrx_word' id='word_1_138' title='bbox 297 1535 390 1595; x_wconf 82' lang='lat' dir='ltr'><strong>Addit</strong></span> <span class='ocrx_word' id='word_1_139' title='bbox 403 1553 459 1595; x_wconf 86' lang='lat' dir='ltr'><strong>cas.</strong></span> <span class='ocrx_word' id='word_1_140' title='bbox 483 1541 513 1597; x_wconf 78' lang='grc'><strong>1.</strong></span> <span class='ocrx_word' id='word_1_141' title='bbox 539 1538 655 1599; x_wconf 90' lang='lat' dir='ltr'><strong>secluso</strong></span> <span class='ocrx_word' id='word_1_142' title='bbox 670 1540 824 1615; x_wconf 79' lang='lat' dir='ltr'><strong>scandalo,</strong></span> <span class='ocrx_word' id='word_1_143' title='bbox 875 1543 1008 1616; x_wconf 82' lang='lat' dir='ltr'><strong>suntque</strong></span> <span class='ocrx_word' id='word_1_144' title='bbox 1020 1534 1239 1595; x_wconf 82' lang='lat' dir='ltr'><strong>riderillendo</strong></span> <span class='ocrx_word' id='word_1_145' title='bbox 1256 1535 1284 1594; x_wconf 83' lang='lat' dir='ltr'><strong>in</strong></span> <span class='ocrx_word' id='word_1_146' title='bbox 1301 1532 1379 1594; x_wconf 88' lang='lat' dir='ltr'><strong>Stat.</strong></span> <span class='ocrx_word' id='word_1_147' title='bbox 1396 1531 1426 1593; x_wconf 87' lang='lat' dir='ltr'><strong>d.</strong></span> <span class='ocrx_word' id='word_1_148' title='bbox 1441 1535 1470 1592; x_wconf 89' lang='lat' dir='ltr'><strong>l.</strong></span> <span class='ocrx_word' id='word_1_149' title='bbox 1484 1551 1534 1613; x_wconf 83' lang='lat' dir='ltr'><strong>qu.</strong></span> <span class='ocrx_word' id='word_1_150' title='bbox 1547 1533 1597 1592; x_wconf 83' lang='lat'><strong>20.</strong></span> <span class='ocrx_word' id='word_1_151' title='bbox 1614 1537 1644 1593; x_wconf 92' lang='lat' dir='ltr'><strong>et</strong></span> 
     </span>
     <span class='ocr_line' id='line_1_13' title="bbox 56 1623 1643 1708; baseline -0.001 -23"><span class='ocrx_word' id='word_1_152' title='bbox 56 1625 111 1685; x_wconf 89' lang='lat' dir='ltr'><strong>etsi</strong></span> <span class='ocrx_word' id='word_1_153' title='bbox 132 1625 213 1686; x_wconf 90' lang='lat' dir='ltr'><strong>adsit</strong></span> <span class='ocrx_word' id='word_1_154' title='bbox 233 1632 334 1687; x_wconf 89' lang='lat' dir='ltr'><strong>metus</strong></span> <span class='ocrx_word' id='word_1_155' title='bbox 354 1628 456 1706; x_wconf 78' lang='lat' dir='ltr'><strong>gravis</strong></span> <span class='ocrx_word' id='word_1_156' title='bbox 475 1629 591 1706; x_wconf 89' lang='lat' dir='ltr'><strong>damni,</strong></span> <span class='ocrx_word' id='word_1_157' title='bbox 618 1631 737 1691; x_wconf 90' lang='lat' dir='ltr'><strong>licitum</strong></span> <span class='ocrx_word' id='word_1_158' title='bbox 762 1650 826 1692; x_wconf 83' lang='lat' dir='ltr'><strong>esse</strong></span> <span class='ocrx_word' id='word_1_159' title='bbox 874 1630 965 1708; x_wconf 84' lang='lat' dir='ltr'><strong>Moya</strong></span> <span class='ocrx_word' id='word_1_160' title='bbox 984 1637 1006 1689; x_wconf 87' lang='lat' dir='ltr'><strong>t.</strong></span> <span class='ocrx_word' id='word_1_161' title='bbox 1029 1626 1108 1688; x_wconf 77' lang='grc'><strong>611.</strong></span> <span class='ocrx_word' id='word_1_162' title='bbox 1135 1629 1164 1687; x_wconf 94' lang='grc'><strong>6.</strong></span> <span class='ocrx_word' id='word_1_163' title='bbox 1192 1646 1221 1707; x_wconf 85' lang='lat' dir='ltr'><strong>q.</strong></span> <span class='ocrx_word' id='word_1_164' title='bbox 1252 1629 1279 1687; x_wconf 84' lang='lat'><strong>3.</strong></span> <span class='ocrx_word' id='word_1_165' title='bbox 1305 1626 1360 1686; x_wconf 89' lang='lat' dir='ltr'><strong>ubi</strong></span> <span class='ocrx_word' id='word_1_166' title='bbox 1378 1625 1562 1704; x_wconf 82' lang='lat' dir='ltr'><strong>quaestioncs</strong></span> <span class='ocrx_word' id='word_1_167' title='bbox 1575 1623 1643 1684; x_wconf 88' lang='lat' dir='ltr'><strong>illas</strong></span> 
     </span>
     <span class='ocr_line' id='line_1_14' title="bbox 55 1717 1644 1802; baseline -0.001 -24"><span class='ocrx_word' id='word_1_168' title='bbox 55 1717 247 1796; x_wconf 76' lang='lat' dir='ltr'><strong>proclamare</strong></span> <span class='ocrx_word' id='word_1_169' title='bbox 262 1719 345 1780; x_wconf 93' lang='lat' dir='ltr'><strong>diem</strong></span> <span class='ocrx_word' id='word_1_170' title='bbox 361 1738 490 1799; x_wconf 91' lang='lat' dir='ltr'><strong>precum</strong></span> <span class='ocrx_word' id='word_1_171' title='bbox 508 1741 565 1802; x_wconf 93' lang='lat' dir='ltr'><strong>pro</strong></span> <span class='ocrx_word' id='word_1_172' title='bbox 585 1721 667 1783; x_wconf 87' lang='lat' dir='ltr'><strong>felici</strong></span> <span class='ocrx_word' id='word_1_173' title='bbox 685 1743 826 1786; x_wconf 85' lang='lat' dir='ltr'><strong>successu</strong></span> <span class='ocrx_word' id='word_1_174' title='bbox 874 1721 991 1802; x_wconf 89' lang='lat' dir='ltr'><strong>optime</strong></span> <span class='ocrx_word' id='word_1_175' title='bbox 1013 1724 1156 1781; x_wconf 89' lang='lat' dir='ltr'><strong>tractant.</strong></span> <span class='ocrx_word' id='word_1_176' title='bbox 1187 1719 1248 1779; x_wconf 92' lang='grc'><strong>1113.</strong></span> <span class='ocrx_word' id='word_1_177' title='bbox 1276 1726 1315 1780; x_wconf 87' lang='lat' dir='ltr'><strong>tr.</strong></span> <span class='ocrx_word' id='word_1_178' title='bbox 1345 1721 1373 1779; x_wconf 89' lang='lat'><strong>3.</strong></span> <span class='ocrx_word' id='word_1_179' title='bbox 1396 1737 1448 1778; x_wconf 84' lang='lat' dir='ltr'><strong>nu.</strong></span> <span class='ocrx_word' id='word_1_180' title='bbox 1472 1717 1644 1777; x_wconf 78' lang='grc'><strong>11611111</strong></span> 
     </span>
     <span class='ocr_line' id='line_1_15' title="bbox 55 1809 1643 1896; baseline -0.001 -25"><span class='ocrx_word' id='word_1_181' title='bbox 55 1809 137 1886; x_wconf 90' lang='lat' dir='ltr'><strong>belli,</strong></span> <span class='ocrx_word' id='word_1_182' title='bbox 153 1811 241 1890; x_wconf 92' lang='lat' dir='ltr'><strong>quod</strong></span> <span class='ocrx_word' id='word_1_183' title='bbox 254 1811 405 1889; x_wconf 89' lang='lat' dir='ltr'><strong>injustum</strong></span> <span class='ocrx_word' id='word_1_184' title='bbox 424 1819 480 1890; x_wconf 87' lang='lat' dir='ltr'><strong>est,</strong></span> <span class='ocrx_word' id='word_1_185' title='bbox 495 1820 564 1875; x_wconf 89' lang='grc'><strong>111111</strong></span> <span class='ocrx_word' id='word_1_186' title='bbox 582 1821 686 1876; x_wconf 86' lang='lat' dir='ltr'><strong>autem</strong></span> <span class='ocrx_word' id='word_1_187' title='bbox 706 1817 825 1878; x_wconf 87' lang='lat' dir='ltr'><strong>intendi</strong></span> <span class='ocrx_word' id='word_1_188' title='bbox 873 1833 961 1896; x_wconf 90' lang='lat' dir='ltr'><strong>posse</strong></span> <span class='ocrx_word' id='word_1_189' title='bbox 982 1814 1093 1875; x_wconf 80' lang='lat' dir='ltr'><strong>offerre</strong></span> <span class='ocrx_word' id='word_1_190' title='bbox 1110 1812 1300 1875; x_wconf 79' lang='lat' dir='ltr'><strong>occasionem</strong></span> <span class='ocrx_word' id='word_1_191' title='bbox 1318 1810 1434 1891; x_wconf 89' lang='lat' dir='ltr'><strong>peccati</strong></span> <span class='ocrx_word' id='word_1_192' title='bbox 1453 1809 1591 1885; x_wconf 83' lang='lat' dir='ltr'><strong>venialis,</strong></span> <span class='ocrx_word' id='word_1_193' title='bbox 1609 1815 1643 1870; x_wconf 90' lang='grc'><strong>111</strong></span> 
     </span>
     <span class='ocr_line' id='line_1_16' title="bbox 55 1903 1580 1988; baseline -0.002 -24"><span class='ocrx_word' id='word_1_194' title='bbox 55 1920 116 1964; x_wconf 86' lang='lat' dir='ltr'><strong>non</strong></span> <span class='ocrx_word' id='word_1_195' title='bbox 130 1903 226 1964; x_wconf 88' lang='lat' dir='ltr'><strong>debet</strong></span> <span class='ocrx_word' id='word_1_196' title='bbox 244 1904 372 1966; x_wconf 84' lang='lat' dir='ltr'><strong>victoria</strong></span> <span class='ocrx_word' id='word_1_197' title='bbox 399 1905 492 1984; x_wconf 82' lang='lat' dir='ltr'><strong>hujus</strong></span> <span class='ocrx_word' id='word_1_198' title='bbox 515 1907 636 1984; x_wconf 78' lang='lat' dir='ltr'><strong>injustae</strong></span> <span class='ocrx_word' id='word_1_199' title='bbox 649 1909 755 1988; x_wconf 87' lang='lat' dir='ltr'><strong>partis,</strong></span> <span class='ocrx_word' id='word_1_200' title='bbox 773 1911 825 1971; x_wconf 90' lang='lat' dir='ltr'><strong>sed</strong></span> <span class='ocrx_word' id='word_1_201' title='bbox 873 1923 905 1967; x_wconf 90' lang='lat' dir='ltr'><strong>se</strong></span> <span class='ocrx_word' id='word_1_202' title='bbox 917 1911 1017 1967; x_wconf 88' lang='lat' dir='ltr'><strong>servet</strong></span> <span class='ocrx_word' id='word_1_203' title='bbox 1030 1907 1221 1982; x_wconf 86' lang='lat' dir='ltr'><strong>indemnem,</strong></span> <span class='ocrx_word' id='word_1_204' title='bbox 1238 1909 1268 1964; x_wconf 91' lang='grc'><strong>11</strong></span> <span class='ocrx_word' id='word_1_205' title='bbox 1280 1904 1412 1964; x_wconf 89' lang='lat' dir='ltr'><strong>alterum</strong></span> <span class='ocrx_word' id='word_1_206' title='bbox 1426 1903 1580 1963; x_wconf 88' lang='lat' dir='ltr'><strong>emendet.</strong></span> 
     </span>
     <span class='ocr_line' id='line_1_17' title="bbox 55 1994 1725 2078; baseline 0.002 -23"><span class='ocrx_word' id='word_1_207' title='bbox 55 2013 210 2057; x_wconf 85' lang='lat' dir='ltr'><strong>successus</strong></span> <span class='ocrx_word' id='word_1_208' title='bbox 231 1995 314 2070; x_wconf 83' lang='lat' dir='ltr'><strong>felix,</strong></span> <span class='ocrx_word' id='word_1_209' title='bbox 331 1998 404 2076; x_wconf 89' lang='lat' dir='ltr'><strong>quia</strong></span> <span class='ocrx_word' id='word_1_210' title='bbox 426 1999 540 2078; x_wconf 87' lang='lat' dir='ltr'><strong>injuste</strong></span> <span class='ocrx_word' id='word_1_211' title='bbox 562 2000 690 2062; x_wconf 89' lang='lat' dir='ltr'><strong>bellanti</strong></span> <span class='ocrx_word' id='word_1_212' title='bbox 709 2002 825 2064; x_wconf 87' lang='lat' dir='ltr'><strong>felicius</strong></span> <span class='ocrx_word' id='word_1_213' title='bbox 913 1999 941 2077; x_wconf 65' lang='grc' dir='ltr'><strong>ἓ.</strong></span> <span class='ocrx_word' id='word_1_214' title='bbox 961 2002 1012 2060; x_wconf 71' lang='grc'><strong>13.</strong></span> <span class='ocrx_word' id='word_1_215' title='bbox 1036 1998 1225 2059; x_wconf 88' lang='lat' dir='ltr'><strong>Christianos</strong></span> <span class='ocrx_word' id='word_1_216' title='bbox 1239 1997 1385 2076; x_wconf 86' lang='lat' dir='ltr'><strong>captivos,</strong></span> <span class='ocrx_word' id='word_1_217' title='bbox 1401 1995 1455 2074; x_wconf 91' lang='lat' dir='ltr'><strong>qui</strong></span> <span class='ocrx_word' id='word_1_218' title='bbox 1466 1994 1559 2056; x_wconf 88' lang='lat' dir='ltr'><strong>simul</strong></span> <span class='ocrx_word' id='word_1_219' title='bbox 1571 2013 1641 2055; x_wconf 83' lang='lat' dir='ltr'><strong>eum</strong></span> <span class='ocrx_word' id='word_1_220' title='bbox 1666 2001 1725 2061; x_wconf 74' lang='lat' dir='ltr'><strong>stt</strong></span> 
     </span>
     <span class='ocr_line' id='line_1_18' title="bbox 55 2087 1639 2169; baseline -0.001 -21"><span class='ocrx_word' id='word_1_221' title='bbox 55 2088 201 2164; x_wconf 86' lang='lat' dir='ltr'><strong>estvinci,</strong></span> <span class='ocrx_word' id='word_1_222' title='bbox 218 2107 313 2169; x_wconf 86' lang='lat' dir='ltr'><strong>quam</strong></span> <span class='ocrx_word' id='word_1_223' title='bbox 332 2090 467 2153; x_wconf 89' lang='lat' dir='ltr'><strong>vincere.</strong></span> <span class='ocrx_word' id='word_1_224' title='bbox 873 2090 980 2150; x_wconf 91' lang='lat' dir='ltr'><strong>Turcis</strong></span> <span class='ocrx_word' id='word_1_225' title='bbox 1005 2091 1045 2152; x_wconf 93' lang='lat' dir='ltr'><strong>ad</strong></span> <span class='ocrx_word' id='word_1_226' title='bbox 1071 2090 1175 2150; x_wconf 88' lang='lat' dir='ltr'><strong>littora</strong></span> <span class='ocrx_word' id='word_1_227' title='bbox 1203 2089 1447 2150; x_wconf 87' lang='lat' dir='ltr'><strong>Christianorum</strong></span> <span class='ocrx_word' id='word_1_228' title='bbox 1462 2087 1639 2156; x_wconf 83' lang='lat' dir='ltr'><strong>adventant,</strong></span> 
     </span>
     <span class='ocr_line' id='line_1_19' title="bbox 16 2177 1642 2264; baseline 0.002 -27"><span class='ocrx_word' id='word_1_229' title='bbox 16 2177 33 2237; x_wconf 92' lang='grc'><strong>6</strong></span> <span class='ocrx_word' id='word_1_230' title='bbox 90 2179 118 2258; x_wconf 64' lang='lat' dir='ltr'><strong>g.</strong></span> <span class='ocrx_word' id='word_1_231' title='bbox 146 2181 197 2242; x_wconf 72' lang='grc'><strong>11.</strong></span> <span class='ocrx_word' id='word_1_232' title='bbox 226 2182 258 2241; x_wconf 87' lang='lat' dir='ltr'><strong>Si</strong></span> <span class='ocrx_word' id='word_1_233' title='bbox 283 2189 445 2261; x_wconf 89' lang='lat' dir='ltr'><strong>peccatum</strong></span> <span class='ocrx_word' id='word_1_234' title='bbox 469 2183 629 2264; x_wconf 88' lang='lat' dir='ltr'><strong>permittas</strong></span> <span class='ocrx_word' id='word_1_235' title='bbox 650 2201 687 2244; x_wconf 89' lang='lat' dir='ltr'><strong>co</strong></span> <span class='ocrx_word' id='word_1_236' title='bbox 701 2183 774 2260; x_wconf 87' lang='lat' dir='ltr'><strong>fine,</strong></span> <span class='ocrx_word' id='word_1_237' title='bbox 790 2189 825 2244; x_wconf 89' lang='lat' dir='ltr'><strong>ut</strong></span> <span class='ocrx_word' id='word_1_238' title='bbox 873 2201 962 2264; x_wconf 91' lang='lat' dir='ltr'><strong>posse</strong></span> <span class='ocrx_word' id='word_1_239' title='bbox 979 2201 1050 2244; x_wconf 92' lang='lat' dir='ltr'><strong>cum</strong></span> <span class='ocrx_word' id='word_1_240' title='bbox 1071 2182 1210 2244; x_wconf 85' lang='lat' dir='ltr'><strong>Dominis</strong></span> <span class='ocrx_word' id='word_1_241' title='bbox 1226 2181 1405 2242; x_wconf 90' lang='lat' dir='ltr'><strong>Infidelibus</strong></span> <span class='ocrx_word' id='word_1_242' title='bbox 1428 2181 1584 2260; x_wconf 92' lang='lat' dir='ltr'><strong>cooperari</strong></span> <span class='ocrx_word' id='word_1_243' title='bbox 1602 2181 1642 2240; x_wconf 89' lang='lat' dir='ltr'><strong>ad</strong></span> 
     </span>
     <span class='ocr_line' id='line_1_20' title="bbox 52 2272 1642 2356; baseline -0.001 -24"><span class='ocrx_word' id='word_1_244' title='bbox 52 2279 231 2350; x_wconf 88' lang='lat' dir='ltr'><strong>peccantem</strong></span> <span class='ocrx_word' id='word_1_245' title='bbox 246 2275 358 2354; x_wconf 90' lang='lat' dir='ltr'><strong>punire</strong></span> <span class='ocrx_word' id='word_1_246' title='bbox 375 2276 483 2355; x_wconf 90' lang='lat' dir='ltr'><strong>possis,</strong></span> <span class='ocrx_word' id='word_1_247' title='bbox 499 2295 529 2338; x_wconf 91' lang='lat' dir='ltr'><strong>v.</strong></span> <span class='ocrx_word' id='word_1_248' title='bbox 544 2295 593 2355; x_wconf 82' lang='lat' dir='ltr'><strong>gr.</strong></span> <span class='ocrx_word' id='word_1_249' title='bbox 610 2275 636 2336; x_wconf 89' lang='lat' dir='ltr'><strong>si</strong></span> <span class='ocrx_word' id='word_1_250' title='bbox 649 2276 755 2338; x_wconf 85' lang='lat' dir='ltr'><strong>Custos</strong></span> <span class='ocrx_word' id='word_1_251' title='bbox 768 2295 820 2356; x_wconf 81' lang='lat' dir='ltr'><strong>ga·</strong></span> <span class='ocrx_word' id='word_1_252' title='bbox 872 2276 1005 2355; x_wconf 83' lang='lat' dir='ltr'><strong>rapinas,</strong></span> <span class='ocrx_word' id='word_1_253' title='bbox 1020 2281 1051 2336; x_wconf 94' lang='lat' dir='ltr'><strong>et</strong></span> <span class='ocrx_word' id='word_1_254' title='bbox 1064 2275 1206 2336; x_wconf 85' lang='lat' dir='ltr'><strong>incendia</strong></span> <span class='ocrx_word' id='word_1_255' title='bbox 1221 2273 1260 2334; x_wconf 95' lang='lat' dir='ltr'><strong>ob</strong></span> <span class='ocrx_word' id='word_1_256' title='bbox 1274 2273 1573 2334; x_wconf 81' lang='lat' dir='ltr'><strong>vitandammortcm</strong></span> <span class='ocrx_word' id='word_1_257' title='bbox 1584 2272 1642 2332; x_wconf 84' lang='lat' dir='ltr'><strong>sibi</strong></span> 
     </span>
     <span class='ocr_line' id='line_1_21' title="bbox 52 2363 1640 2448; baseline -0.001 -22"><span class='ocrx_word' id='word_1_258' title='bbox 52 2363 137 2426; x_wconf 84' lang='lat' dir='ltr'><strong>bellae</strong></span> <span class='ocrx_word' id='word_1_259' title='bbox 168 2384 203 2426; x_wconf 89' lang='lat' dir='ltr'><strong>se</strong></span> <span class='ocrx_word' id='word_1_260' title='bbox 234 2367 417 2444; x_wconf 90' lang='lat' dir='ltr'><strong>abscondat,</strong></span> <span class='ocrx_word' id='word_1_261' title='bbox 450 2373 487 2429; x_wconf 90' lang='lat' dir='ltr'><strong>ut</strong></span> <span class='ocrx_word' id='word_1_262' title='bbox 519 2374 615 2429; x_wconf 87' lang='lat' dir='ltr'><strong>nauta</strong></span> <span class='ocrx_word' id='word_1_263' title='bbox 647 2369 824 2448; x_wconf 87' lang='lat' dir='ltr'><strong>praeteriens</strong></span> <span class='ocrx_word' id='word_1_264' title='bbox 872 2368 947 2428; x_wconf 87' lang='lat' dir='ltr'><strong>alias</strong></span> <span class='ocrx_word' id='word_1_265' title='bbox 965 2367 1192 2442; x_wconf 88' lang='lat' dir='ltr'><strong>imminentem,</strong></span> <span class='ocrx_word' id='word_1_266' title='bbox 1213 2367 1323 2427; x_wconf 87' lang='lat' dir='ltr'><strong>docent</strong></span> <span class='ocrx_word' id='word_1_267' title='bbox 1337 2367 1445 2440; x_wconf 82' lang='lat' dir='ltr'><strong>Lorca,</strong></span> <span class='ocrx_word' id='word_1_268' title='bbox 1462 2366 1548 2425; x_wconf 90' lang='lat' dir='ltr'><strong>Dian.</strong></span> <span class='ocrx_word' id='word_1_269' title='bbox 1568 2367 1640 2425; x_wconf 88' lang='lat' dir='ltr'><strong>Cas-</strong></span> 
     </span>
     <span class='ocr_line' id='line_1_22' title="bbox 51 2456 1642 2540; baseline 0 -24"><span class='ocrx_word' id='word_1_270' title='bbox 51 2458 210 2534; x_wconf 87' lang='lat' dir='ltr'><strong>puniatur,</strong></span> <span class='ocrx_word' id='word_1_271' title='bbox 235 2465 351 2538; x_wconf 88' lang='lat' dir='ltr'><strong>peccat,</strong></span> <span class='ocrx_word' id='word_1_272' title='bbox 375 2461 447 2539; x_wconf 88' lang='lat' dir='ltr'><strong>quia</strong></span> <span class='ocrx_word' id='word_1_273' title='bbox 469 2461 523 2539; x_wconf 89' lang='lat' dir='ltr'><strong>qui</strong></span> <span class='ocrx_word' id='word_1_274' title='bbox 543 2477 668 2540; x_wconf 89' lang='lat' dir='ltr'><strong>poenam</strong></span> <span class='ocrx_word' id='word_1_275' title='bbox 691 2461 824 2521; x_wconf 91' lang='lat' dir='ltr'><strong>necdum</strong></span> <span class='ocrx_word' id='word_1_276' title='bbox 872 2465 953 2540; x_wconf 87' lang='lat' dir='ltr'><strong>trop.</strong></span> <span class='ocrx_word' id='word_1_277' title='bbox 983 2465 1014 2520; x_wconf 90' lang='lat' dir='ltr'><strong>ct</strong></span> <span class='ocrx_word' id='word_1_278' title='bbox 1041 2459 1094 2520; x_wconf 92' lang='lat' dir='ltr'><strong>alii</strong></span> <span class='ocrx_word' id='word_1_279' title='bbox 1120 2458 1203 2538; x_wconf 88' lang='lat' dir='ltr'><strong>apud</strong></span> <span class='ocrx_word' id='word_1_280' title='bbox 1230 2458 1340 2519; x_wconf 88' lang='lat' dir='ltr'><strong>llendo</strong></span> <span class='ocrx_word' id='word_1_281' title='bbox 1363 2456 1393 2518; x_wconf 78' lang='lat' dir='ltr'><strong>d.</strong></span> <span class='ocrx_word' id='word_1_282' title='bbox 1413 2460 1443 2518; x_wconf 92' lang='grc'><strong>6.</strong></span> <span class='ocrx_word' id='word_1_283' title='bbox 1466 2477 1496 2538; x_wconf 87' lang='lat' dir='ltr'><strong>q.</strong></span> <span class='ocrx_word' id='word_1_284' title='bbox 1519 2460 1569 2518; x_wconf 86' lang='grc'><strong>10.</strong></span> <span class='ocrx_word' id='word_1_285' title='bbox 1587 2457 1642 2536; x_wconf 89' lang='lat' dir='ltr'><strong>qui</strong></span> 
     </span>
     <span class='ocr_line' id='line_1_23' title="bbox 51 2550 1642 2632; baseline -0.001 -23"><span class='ocrx_word' id='word_1_286' title='bbox 51 2555 242 2612; x_wconf 87' lang='lat' dir='ltr'><strong>contractam</strong></span> <span class='ocrx_word' id='word_1_287' title='bbox 255 2551 399 2628; x_wconf 90' lang='lat' dir='ltr'><strong>intendit,</strong></span> <span class='ocrx_word' id='word_1_288' title='bbox 408 2551 821 2631; x_wconf 88' lang='lat' dir='ltr'><strong>etiamintenditpeccatum,</strong></span> <span class='ocrx_word' id='word_1_289' title='bbox 872 2551 1007 2614; x_wconf 84' lang='lat' dir='ltr'><strong>defendit</strong></span> <span class='ocrx_word' id='word_1_290' title='bbox 1013 2552 1096 2613; x_wconf 87' lang='lat' dir='ltr'><strong>velut</strong></span> <span class='ocrx_word' id='word_1_291' title='bbox 1102 2550 1271 2632; x_wconf 89' lang='lat' dir='ltr'><strong>probabile,</strong></span> <span class='ocrx_word' id='word_1_292' title='bbox 1288 2550 1360 2630; x_wconf 92' lang='lat' dir='ltr'><strong>quia</strong></span> <span class='ocrx_word' id='word_1_293' title='bbox 1374 2551 1491 2610; x_wconf 88' lang='lat' dir='ltr'><strong>suntin</strong></span> <span class='ocrx_word' id='word_1_294' title='bbox 1506 2554 1642 2610; x_wconf 81' lang='lat' dir='ltr'><strong>extrema</strong></span> 
     </span>
     <span class='ocr_line' id='line_1_24' title="bbox 51 2625 1643 2724; baseline 0.001 -24"><span class='ocrx_word' id='word_1_295' title='bbox 51 2641 87 2700; x_wconf 86' lang='lat' dir='ltr'><strong>ad</strong></span> <span class='ocrx_word' id='word_1_296' title='bbox 109 2643 197 2721; x_wconf 88' lang='lat' dir='ltr'><strong>quod</strong></span> <span class='ocrx_word' id='word_1_297' title='bbox 218 2625 310 2722; x_wconf 56' lang='lat' dir='ltr'><strong>poefrm</strong></span> <span class='ocrx_word' id='word_1_298' title='bbox 337 2645 552 2724; x_wconf 86' lang='lat' dir='ltr'><strong>consequitur;</strong></span> <span class='ocrx_word' id='word_1_299' title='bbox 577 2663 640 2705; x_wconf 89' lang='lat' dir='ltr'><strong>non</strong></span> <span class='ocrx_word' id='word_1_300' title='bbox 667 2644 824 2706; x_wconf 89' lang='lat' dir='ltr'><strong>tenebitur</strong></span> <span class='ocrx_word' id='word_1_301' title='bbox 871 2644 1105 2720; x_wconf 60' lang='lat' dir='ltr'><strong>necessitatem</strong></span> <span class='ocrx_word' id='word_1_302' title='bbox 1120 2662 1182 2723; x_wconf 89' lang='lat' dir='ltr'><strong>qua</strong></span> <span class='ocrx_word' id='word_1_303' title='bbox 1195 2643 1340 2704; x_wconf 91' lang='lat' dir='ltr'><strong>illicitum</strong></span> <span class='ocrx_word' id='word_1_304' title='bbox 1350 2649 1395 2703; x_wconf 91' lang='lat' dir='ltr'><strong>est</strong></span> <span class='ocrx_word' id='word_1_305' title='bbox 1405 2642 1451 2702; x_wconf 89' lang='lat' dir='ltr'><strong>uti</strong></span> <span class='ocrx_word' id='word_1_306' title='bbox 1463 2641 1553 2702; x_wconf 90' lang='lat' dir='ltr'><strong>bonis</strong></span> <span class='ocrx_word' id='word_1_307' title='bbox 1566 2646 1643 2702; x_wconf 91' lang='lat' dir='ltr'><strong>tem-</strong></span> 
     </span>
     <span class='ocr_line' id='line_1_25' title="bbox 50 2731 1559 2817; baseline 0.001 -25"><span class='ocrx_word' id='word_1_308' title='bbox 50 2731 154 2796; x_wconf 82' lang='lat' dir='ltr'><strong>lamen</strong></span> <span class='ocrx_word' id='word_1_309' title='bbox 178 2735 353 2814; x_wconf 86' lang='lat' dir='ltr'><strong>restituere,</strong></span> <span class='ocrx_word' id='word_1_310' title='bbox 378 2737 451 2816; x_wconf 87' lang='lat' dir='ltr'><strong>quia</strong></span> <span class='ocrx_word' id='word_1_311' title='bbox 469 2756 533 2798; x_wconf 91' lang='lat' dir='ltr'><strong>non</strong></span> <span class='ocrx_word' id='word_1_312' title='bbox 546 2742 592 2800; x_wconf 88' lang='lat' dir='ltr'><strong>cst</strong></span> <span class='ocrx_word' id='word_1_313' title='bbox 605 2743 713 2798; x_wconf 89' lang='lat' dir='ltr'><strong>contra</strong></span> <span class='ocrx_word' id='word_1_314' title='bbox 725 2737 821 2798; x_wconf 81' lang='lat' dir='ltr'><strong>lusti·</strong></span> <span class='ocrx_word' id='word_1_315' title='bbox 870 2736 1027 2817; x_wconf 89' lang='lat' dir='ltr'><strong>poralibus</strong></span> <span class='ocrx_word' id='word_1_316' title='bbox 1037 2736 1170 2798; x_wconf 85' lang='lat' dir='ltr'><strong>aliorum</strong></span> <span class='ocrx_word' id='word_1_317' title='bbox 1184 2755 1240 2816; x_wconf 92' lang='lat' dir='ltr'><strong>pro</strong></span> <span class='ocrx_word' id='word_1_318' title='bbox 1250 2735 1408 2797; x_wconf 89' lang='lat' dir='ltr'><strong>liberanda</strong></span> <span class='ocrx_word' id='word_1_319' title='bbox 1420 2735 1483 2795; x_wconf 83' lang='lat' dir='ltr'><strong>rita</strong></span> <span class='ocrx_word' id='word_1_320' title='bbox 1492 2751 1559 2794; x_wconf 88' lang='lat' dir='ltr'><strong>sua.</strong></span> 
     </span>
    </p>
   </div>
   <div class='ocr_carea' id='block_1_4' title="bbox 0 0 1978 6344">
    <p class='ocr_par' dir='ltr' id='par_1_4' title="bbox 0 0 1978 6344">
     <span class='ocr_line' id='line_1_26' title="bbox 0 0 1978 6344; baseline 0 4"><span class='ocrx_word' id='word_1_321' title='bbox 0 0 1978 6344; x_wconf 95' lang='lat' dir='ltr'><strong> </strong></span> 
     </span>
    </p>
   </div>
  </div>
 </body>
</html>
