3976 6342
548 449 598 508 ne
617 449 723 511 Leuis
743 451 911 514 Menaeis
933 453 1172 516 TnnoLeetAE.
1619 456 1659 514 99

82 613 247 680 nemnem
269 621 363 684 hierii
387 624 510 700 esdra,
540 633 656 688 aeserta
670 647 707 689 ac
721 634 837 708 propu·
891 625 1039 704 habuere,
1060 647 1154 708 quam
1168 629 1201 688 in
1215 627 1300 688 libris
1313 627 1352 688 ad
1372 626 1567 707 explicandas
1582 626 1660 690 Seri·

80 717 173 788 gnata
213 715 326 777 Omnes
351 719 466 797 pariter
499 726 615 780 norunt
645 726 837 802 quantopere
889 726 1005 800 pturas,
1021 723 1206 783 vindicanda
1226 722 1372 800 dogmata
1413 718 1659 799 erudiendosque

80 805 188 868 solliciti
210 807 328 871 1111111
353 813 518 880 Sacrorum
550 814 708 874 Antistites
729 813 779 876 vel
803 816 837 876 in
888 813 994 876 fideles
1004 815 1190 876 elucubratis
1203 831 1357 874 summam
1367 813 1503 891 Virginis
1515 815 1658 874 sanctita-

79 896 144 978 ipsis
164 903 372 965 ecclesiasticis
394 907 599 967 conventibus
621 907 724 987 palam
739 908 838 987 publi·
888 911 964 983 tem,
978 907 1171 987 dignitatem,
1193 915 1286 986 atque
1300 905 1340 966 ab
1358 905 1444 965 omni
1458 907 1574 986 peceati
1591 905 1660 966 labe

78 1009 165 1072 caque
174 995 322 1076 profiteri,
338 999 563 1060 sanctissimam
574 1000 630 1061 Dei
652 1001 838 1062 Genitricem
889 999 1108 1080 iutegritatem,
1118 1001 1246 1080 ejusque
1260 999 1442 1079 preclaram
1451 999 1489 1059 de
1498 1000 1659 1060 teterrimo

78 1085 228 1166 l'irginem
246 1090 376 1155 hieriam
388 1091 428 1151 ob
442 1093 573 1172 prcevisa
586 1093 698 1154 Christi
716 1095 839 1156 Domini
888 1091 1018 1152 humani
1030 1095 1151 1172 generis
1160 1094 1248 1154 hoste
1261 1092 1424 1154 victoriam
1438 1092 1543 1153 multis
1558 1093 1659 1154 miris·

78 1180 283 1262 Redemptoris
294 1185 407 1246 merita
424 1203 587 1265 nunquam
603 1187 748 1264 originali
765 1188 839 1250 sub-
888 1203 949 1264 que
963 1185 1062 1246 modis
1076 1186 1216 1247 certatim
1243 1186 1410 1266 praedicare
1431 1192 1523 1264 atque
1538 1185 1657 1246 efferre.

71 1273 195 1352 jacuisse
218 1283 367 1355 peccato.
393 1279 445 1338 sed
468 1285 688 1358 preservatum
708 1281 837 1342 omnino
889 1278 1081 1358 Quapropter
1106 1287 1285 1342 enarrantes
1308 1279 1414 1351 verba,
1442 1279 1556 1357 quihus
1580 1280 1660 1339 Deus

74 1366 160 1430 imese
173 1367 212 1428 ab
232 1369 362 1448 originis
383 1370 463 1447 labe,
487 1378 518 1432 et
537 1372 649 1433 ideirco
665 1373 838 1436 sublimiori
888 1377 1060 1450 praeparata
1074 1373 1261 1434 renovandis
1271 1371 1455 1433 mortalibus
1462 1389 1525 1432 siue
1536 1372 1660 1450 pietatis

72 1461 160 1522 modo
173 1461 378 1542 redemptam.
393 1463 509 1537 Quibus
520 1464 596 1525 illud
611 1465 747 1546 proiecto
770 1485 838 1546 gra·
889 1464 1026 1525 remedia
1038 1465 1120 1526 inter
1129 1467 1194 1545 ipsa
1207 1465 1318 1525 mundi
1328 1465 1498 1543 primordia
1510 1482 1659 1544 praenun-

71 1552 240 1632 vissimum,
270 1559 302 1616 et
334 1557 463 1617 omnino
499 1558 672 1619 maximum
708 1559 835 1636 accedit,
891 1555 969 1616 tiens
982 1564 1013 1618 et
1026 1558 1196 1638 deceptoris
1210 1557 1359 1637 serpentis
1372 1556 1477 1617 retulit
1485 1558 1658 1636 audaciam,

70 1647 166 1726 ipsam
179 1665 304 1726 quoque
331 1649 545 1710 'tridentinam
564 1651 737 1730 Synodum,
765 1670 838 1713 cum
889 1650 1246 1731 etnostrigeuerisspem
1256 1649 1657 1733 mirificecrexitinquiens:

69 1738 277 1818 dogmaticum
286 1739 325 1801 de
333 1749 457 1821 peccato
467 1743 610 1822 originali
620 1743 724 1804 ederet
737 1743 839 1806 decre·
893 1741 1100 1804 tinimicitiae
1127 1762 1240 1824 ponam
1267 1744 1349 1804 inter
1369 1748 1399 1804 te
1427 1748 1459 1804 et
1480 1743 1658 1822 mulierem,

70 1835 147 1910 tum,
182 1849 246 1912 quo
274 1831 364 1911 juxta
397 1853 557 1896 sacrarum
591 1837 835 1915 Scripturarum,
889 1841 1098 1897 sementuum
1113 1843 1145 1899 et
1158 1855 1265 1908 semen
1277 1835 1541 1912 illius,cdocuare
1556 1836 1660 1898 divino

73 1931 307 2004 sanctorumque
329 1925 469 2001 Panum,
496 1945 532 1988 ac
551 1927 838 2008 probatissimorum
889 1927 948 1989 hoc
961 1930 1085 1990 oraculo
1106 1931 1186 1992 clare
1207 1935 1373 2016 aperteque
1388 1934 1661 2008 praemonstratum

75 2016 276 2080 Consiliorum
295 2019 472 2081 testimonia
498 2021 616 2098 statuit,
636 2040 672 2084 aa
685 2018 836 2098 definivit,
888 2019 980 2082 hrisse
994 2022 1370 2084 misericordemhumani
1380 2023 1501 2102 generis
1512 2023 1662 2102 lieclemp

78 2127 177 2172 omnes
189 2109 426 2174 hominesnasci
437 2113 582 2189 originali
594 2114 684 2194 culpa
696 2114 835 2184 inlectos,
888 2117 1000 2188 torem,
1016 2116 1131 2177 scilicet
1151 2116 1353 2194 Unigenitum
1367 2115 1419 2175 [lei
1433 2114 1542 2174 Filium
1556 2115 1661 2180 Chris·

8 2209 10 2222 ’
79 2207 172 2264 temen
187 2203 366 2266 solamniter
375 2206 554 2283 declarasse,
570 2225 635 2268 non
645 2225 710 2268 esse
720 2225 784 2270 suas
793 2209 839 2270 ln·
890 2209 957 2267 tum
970 2207 1088 2285 lesum,
1105 2228 1140 2270 ae
1157 2209 1352 2287 designatum
1365 2207 1576 2268 beatissimam
1590 2208 1662 2285 Ejus

80 2297 214 2358 eutichis
224 2298 258 2358 in
267 2298 392 2360 decreto
403 2301 481 2379 ipso,
496 2301 839 2380 tantaqucdefinitionis
889 2299 1018 2361 Matrem
1033 2301 1192 2376 Virginem
1203 2302 1342 2374 hieriam,
1354 2300 1489 2360 acsimul
1497 2300 1662 2380 ipsissimas
1725 2341 1732 2355 .

79 2389 271 2468 amplitudine
279 2392 681 2472 comprehenderabeatam,
692 2395 838 2455 etimma-
890 2393 1051 2472 utriusque
1075 2401 1182 2455 contra
1209 2393 1367 2472 diabolum
1394 2393 1568 2452 inimicitias
1586 2393 1662 2454 iusi-

77 2482 365 2563 oulatamVirginem
374 2485 619 2547 [leiGenitricam
628 2487 840 2550 Mariamflao
889 2486 990 2563 gniter
1006 2505 1174 2567 expressas.
1190 2487 1339 2561 Quocirca
1352 2487 1429 2548 siout
1450 2485 1591 2546 Christus
1607 2487 1662 2547 [tei
1767 2523 1774 2534 ·

77 2576 153 2636 enim
171 2576 376 2640 declaratione
394 2578 566 2640 Tridentini
594 2581 710 2656 Patres,
740 2581 839 2660 ipsam
888 2577 1113 2658 hominumque
1149 2581 1300 2640 mediator
1340 2580 1478 2639 humana
1506 2584 1663 2658 assumpta

77 2667 277 2731 beedcsimam
295 2669 504 2750 Virginemah
515 2671 658 2751 originali
671 2673 740 2734 labe
754 2674 836 2734 solu·
889 2677 1000 2732 natura
1015 2672 1121 2732 delens
1136 2673 1219 2750 quod
1240 2673 1387 2733 adversus
1409 2689 1466 2732 nos
1477 2676 1542 2731 erat
1556 2671 1661 2732 chiro-

76 2764 202 2840 tampro
215 2779 320 2824 rarum
335 2769 575 2844 temporumque
593 2763 747 2843 adjunctis
766 2766 838 2827 satis
889 2765 1045 2844 graphum
1081 2764 1206 2840 decreti,
1237 2764 1314 2825 illud
1342 2763 1426 2824 cruci
1453 2763 1662 2842 triumphator

77 2850 249 2932 innuerunt,
279 2861 372 2936 atqua
397 2857 474 2918 adeo
498 2857 660 2936 perspicua
687 2858 839 2937 significa·
889 2854 999 2934 affixit,
1024 2857 1066 2917 sic
1090 2857 1283 2918 sanctissima
1303 2857 1398 2936 Virgo
1424 2856 1604 2931 arctissimo,
1631 2862 1663 2917 ct

76 2948 292 3022 runt,nihilex
307 2949 418 3010 divinis
430 2950 563 3026 eluens,
591 2950 669 3014 nihil
692 2970 730 3012 ex
742 2953 837 3013 tradi·
890 2949 1094 3010 indissolubili
1103 2949 1226 3010 vinculo
1233 2950 1663 3027 cumeoeoujunctaunacum

76 3036 166 3116 tione,
202 3042 390 3120 Patremque
427 3047 610 3104 auctorttate
644 3044 702 3104 rite
736 3044 839 3106 afferri
889 3042 956 3116 1110,
971 3048 1002 3102 et
1016 3042 1171 3121 perillum
1185 3043 1389 3122 sempiternes
1405 3047 1511 3102 contra
1524 3059 1662 3102 veneno-

77 3133 718 3216 poee,quodtantaeVirg'nispraerogative
730 3138 840 3216 quovis
890 3153 960 3196 cum
979 3141 1154 3214 serpentem
1180 3135 1369 3196 imimicitias
1388 3152 1546 3210 exercens,
1568 3153 1604 3194 ae
1624 3133 1662 3194 de

76 3225 162 3286 modo
175 3227 356 3307 retr-egetur.
890 3227 956 3306 ipso
964 3228 1139 3306 plenissime
1149 3227 1344 3308 triumphans
1354 3229 1437 3290 illius
1446 3231 1540 3306 caput
1553 3226 1662 3288 imma-

112 3317 148 3376 Et
169 3337 203 3380 re
224 3321 351 3400 quidem
375 3337 450 3381 vera
473 3319 555 3382 hanc
582 3319 620 3380 de
640 3319 840 3381 Immaculata
890 3321 992 3382 culato
1006 3322 1083 3401 pede
1097 3319 1252 3382 contrivit.

76 3405 250 3473 ueaueimae
276 3412 412 3492 Virginis
432 3411 639 3492 Conceptioue
666 3413 840 3473 doctrinam
930 3413 1020 3474 Hunc
1048 3414 1210 3488 eximium,
1241 3411 1493 3490 singularemque
1527 3411 1663 3491 Virginis

76 3503 207 3578 quoddie
231 3506 330 3585 magis
358 3505 539 3584 gravissime
568 3504 707 3566 Ecclesiae
734 3523 836 3574 seusu,
888 3506 1101 3587 triumphum,
1132 3505 1480 3582 excellentissimumque
1508 3505 1662 3567 innoeen-

76 3595 254 3674 magisterio,
270 3598 389 3672 studio,
410 3597 547 3673 scicntia,
563 3615 599 3658 ac
612 3597 761 3676 sapientia
774 3604 840 3658 tam
889 3599 977 3672 tiam,
1007 3601 1185 3679 puritatem,
1221 3597 1427 3672 sanctitatem,
1464 3596 1591 3676 ejrrsque
1624 3599 1663 3659 ah

76 3685 226 3764 splendide
235 3689 440 3769 explicatam,
468 3687 663 3762 declaratam,
679 3689 840 3750 confirma·
890 3692 976 3752 omni
992 3693 1108 3771 peccati
1121 3691 1190 3752 labe
1204 3691 1425 3769 iutegritatem,
1446 3695 1538 3768 etque
1558 3690 1665 3751 ineffa-

76 3780 146 3854 tem,
170 3787 200 3842 et
212 3783 294 3862 aqud
309 3799 418 3843 omnes
440 3781 583 3844 catholici
600 3783 682 3842 orbis
696 3783 837 3862 populos,
889 3783 984 3846 bilem
1003 3785 1173 3845 coelastium
1194 3784 1337 3844 omnium
1360 3781 1542 3860 gratiarum,
1564 3783 1665 3843 virtu-

77 3873 257 3935 acuetionas
282 3875 461 3936 mirandum
479 3874 513 3934 in
536 3875 666 3934 modum
686 3893 838 3954 propaga·
888 3881 968 3952 tum,
984 3895 1020 3938 ac
1033 3876 1268 3956 privilegiorum
1283 3875 1414 3954 copiam,
1430 3874 1662 3952 atmagnitudi·

77 3967 146 4036 hm,
163 3965 196 4027 in
210 3967 275 4046 ipsa
290 3967 423 4028 Ecclesia
444 3984 566 4047 semper
586 3965 721 4028 extitisse
744 3968 840 4028 veluti
888 3986 962 4030 nem
985 3969 1080 4030 iidem
1102 3970 1206 4029 Patres
1223 3969 1368 4029 viderunt
1382 3971 1451 4026 tum
1472 3966 1505 4026 in
1527 3985 1597 4027 arca
1610 3967 1664 4028 illa

77 4057 269 4136 smsjoribus
291 4065 461 4140 acceptam,
483 4077 518 4120 acc
533 4058 676 4120 revelate
689 4059 838 4122 docuinae
889 4062 965 4136 Noe,
991 4079 1061 4140 quaa
1095 4061 1243 4122 divinitus
1271 4059 1478 4121 constitutae
1502 4061 1663 4120 communi

79 4146 242 4213 charactere
252 4152 433 4232 insignitam
443 4151 552 4212 illustri
569 4152 840 4214 venerandcaanti-
889 4157 984 4214 totius
998 4153 1109 4214 mundi
1122 4153 1284 4214 nautratlio
1298 4152 1390 4232 plana
1404 4151 1488 4212 salva
1502 4156 1533 4212 et
1544 4152 1662 4212 incolu-

79 4241 193 4318 quum
219 4243 360 4306 1111111111
397 4244 555 4306 orientalis
580 4249 612 4305 et
644 4245 839 4306 occidentalis
889 4247 950 4306 mis
963 4246 1073 4320 evasit3
1089 4251 1158 4306 tum
1173 4245 1207 4306 in
1230 4245 1312 4306 scala
1326 4243 1389 4318 illa,
1405 4259 1500 4322 quam
1521 4244 1559 4304 de
1581 4249 1664 4306 terra
1712 4293 1717 4302 .

78 4344 271 4400 monumenta
307 4337 494 4400 solidissime
531 4343 692 4398 testantur.
727 4336 839 4400 Christi
890 4338 928 4399 ad
943 4338 1054 4398 coelum
1071 4336 1445 4416 ucquepcrtingereridit
1458 4335 1665 4415 leceb,cujus

78 4427 154 4490 euim
179 4431 311 4493 Ecclesia
333 4429 440 4492 sedule
466 4430 678 4510 depositorum
700 4431 785 4509 apud
807 4447 839 4492 sa
890 4431 1036 4508 gradibus
1050 4429 1160 4508 hirgeli
1179 4431 1232 4492 Dei
1255 4428 1473 4506 ascendebant,
1490 4435 1521 4489 et
1534 4429 1664 4489 deseen-

78 4517 248 4600 dogmatum
271 4529 384 4597 eustos,
420 4527 452 4584 et
474 4522 598 4598 vindex,
625 4523 703 4583 nihil
730 4523 763 4582 in
791 4523 839 4582 his
890 4520 1666 4601 debent,cujusquevcrticiipseinnitehaturDomi·

80 4626 208 4694 uuquam
221 4621 389 4696 permutat,
407 4613 487 4674 nihil
500 4613 625 4688 minuit,
643 4615 721 4674 nihil
742 4615 837 4692 addit,
889 4633 965 4691 nus;
989 4621 1059 4676 tum
1077 4616 1112 4676 in
1135 4615 1215 4676 rubo
1236 4615 1301 4690 illo,
1316 4632 1411 4693 quem
1430 4613 1465 4674 11
1479 4613 1546 4674 loco
1559 4619 1664 4676 sancto

80 4705 126 4766 sed
142 4708 226 4769 omni
249 4708 404 4769 industria
425 4713 529 4768 vetera
557 4707 699 4784 fideliter,
722 4708 840 4788 sapien·
889 4709 1010 4787 Moyses
1021 4708 1161 4787 undique
1181 4708 1300 4782 ardere,
1321 4726 1358 4768 ac
1377 4707 1460 4768 inter
1480 4707 1664 4787 crepitantes

80 4800 176 4879 terque
187 4801 349 4864 umtando
369 4800 396 4862 si
409 4819 471 4880 qua
489 4800 660 4880 antiquitus
677 4800 842 4862 informata
890 4799 971 4880 ignis
985 4801 1126 4862 flammas
1139 4799 1276 4880 nonjam
1291 4799 1431 4860 comburi
1446 4805 1501 4860 aut
1511 4801 1666 4878 jacturam

79 4897 152 4964 sunt,
168 4901 198 4955 et
211 4895 338 4956 Petrum
350 4893 428 4954 fidae
447 4892 536 4966 sevit,
551 4892 593 4952 ita
607 4893 728 4970 limare,
743 4911 838 4972 expo·
890 4895 939 4954 vel
957 4893 1122 4956 minimam
1143 4893 1218 4973 pati,
1234 4893 1287 4956 sed
1310 4891 1438 4971 pulchre
1461 4893 1612 4953 virescere
1630 4909 1665 4952 ac

79 4979 128 5045 lire
148 4986 259 5064 nudet,
289 4992 321 5046 et
334 4985 435 5065 prisca
465 4985 518 5044 illa
536 4984 666 5046 ccelesiis
691 4985 840 5047 doctrinae
890 4986 1051 5048 florescere
1069 4985 1250 5066 conspexit:
1266 4992 1335 5046 tum
1356 4986 1388 5046 11
1404 4985 1456 5046 illa
1470 4985 1664 5064 inexpugna-

79 5071 215 5154 tlogmsta
236 5077 389 5158 accipiant
416 5076 616 5151 evidentiam,
638 5077 753 5152 lucem,
778 5078 839 5140 dis·
891 5079 946 5138 hili
961 5079 1039 5139 turri
1052 5097 1071 5138 a
1083 5077 1161 5138 fecie
1184 5077 1313 5152 inimici,
1330 5095 1368 5138 ex
1390 5095 1453 5157 qua
1466 5077 1551 5137 mille
1565 5076 1666 5155 clypei

78 5165 260 5244 tinedonem,
277 5169 332 5232 aod
344 5169 498 5230 retineant
511 5170 748 5248 plenitudinem,
765 5169 841 5231 into·
890 5172 1038 5251 pendent,
1051 5169 1213 5250 omnisque
1223 5169 1535 5244 armaturaiortium3
1550 5173 1618 5228 tum
1632 5167 1666 5226 in

78 5258 224 5336 gritatcm,
250 5261 482 5342 proprietatem,
509 5281 545 5322 ac
571 5262 606 5323 in
632 5281 689 5322 suo
716 5269 841 5324 tantum
891 5263 982 5324 horto
998 5263 1050 5324 illo
1065 5263 1222 5330 concluso,
1239 5263 1293 5342 qui
1316 5262 1414 5326 nescit
1428 5261 1548 5335 violari,
1564 5277 1666 5338 neque

77 5363 183 5426 genere
197 5362 350 5428 crescant,
365 5355 406 5416 in
419 5355 528 5417 eodem
542 5355 656 5416 seilicet
682 5355 839 5435 dogmate,
891 5357 1048 5436 errrumpi
1061 5356 1133 5416 ullis
1146 5356 1330 5417 insidiarum
1352 5353 1530 5426 freudihua3
1550 5357 1618 5412 tum
1633 5351 1666 5410 11

77 5442 179 5506 codam
190 5463 297 5518 sensu,
314 5445 481 5526 eademque
495 5447 656 5510 sententia.
892 5467 1019 5510 corusca
1034 5448 1086 5509 illa
1097 5447 1151 5508 Dei
1166 5447 1300 5524 civitate,
1312 5446 1401 5525 cujus
1415 5444 1618 5504 fundamenta
1631 5442 1665 5502 ie

113 5535 264 5615 Equidem
296 5535 410 5615 Petras,
444 5540 644 5620 unicaeque
672 5540 843 5620 Scriptores
893 5539 1051 5602 montibus
1069 5540 1200 5615 sancum
1224 5546 1293 5600 tum
1316 5539 1350 5598 in
1370 5534 1588 5615 augustissimo
1612 5533 1665 5594 illc

91 5627 246 5694 celestibus
283 5629 383 5692 edom
416 5631 544 5711 eloquiis
576 5633 654 5694 nihil
684 5632 841 5712 auhquius
896 5634 948 5694 llei
963 5633 1090 5712 templo,
1107 5633 1191 5710 quod
1205 5630 1319 5692 divinis
1330 5629 1485 5707 refulgens
1495 5626 1666 5706 splendori·
