4200 6348
453 363 492 422 Sl
1059 353 1169 414 LlBElt
1195 351 1426 413 PRODROMUS

451 532 540 590 notat
574 525 723 598 bnagines
760 522 920 584 Trinitatis
954 517 1217 600 incomprehensi-

450 621 531 698 bilis,

450 724 634 807 Proptercni
646 721 868 804 generalitatem
882 718 1046 794 tenereris,
1062 735 1095 776 aa
1107 716 1219 796 proper

491 817 655 880 Ecclesiam
669 811 943 897 frequentatonzori
959 810 1115 877 contraria,
1136 809 1222 889 qnasi

488 903 1043 988 nnldeeastentimapincssanctissimce
1059 900 1219 962 Trinitatis
1268 960 1274 972 ,

488 1002 676 1064 eomnzaniter
689 999 868 1084 approbatae,
884 1017 917 1058 ac
932 991 1216 1076 tatoperrnittendoe.

709 1123 754 1182 Ex
766 1118 856 1180 Brevi
872 1113 1082 1177 Sollicitudini
1091 1110 1215 1184 Nostrae,

763 1211 876 1272 Bened.
888 1210 966 1286 XIV,
983 1225 1035 1267 an.
1050 1207 1136 1266 lata.

794 1372 883 1432 LXX.

487 1495 537 1554 70.
553 1493 631 1552 Item
645 1488 786 1551 doctrina
800 1493 831 1548 ct
846 1482 1035 1566 praescriptio
1049 1480 1219 1561 generatim

446 1585 746 1666 reprobansomnem
752 1579 914 1660 specialem
920 1577 1047 1650 eadtum,
1064 1592 1154 1654 ruem
1163 1572 1218 1634 ali-

447 1679 495 1739 cui
505 1677 662 1759 speciatim
670 1674 798 1754 imagini
808 1673 908 1734 solent
917 1667 1217 1748 fidelesimpendere,

448 1777 479 1833 et
492 1772 532 1832 ad
545 1773 644 1852 ipsam
658 1769 761 1848 potius
775 1784 871 1846 qnam
884 1765 923 1825 ad
936 1765 1029 1824 aliam
1040 1760 1217 1839 coningere,

451 1889 628 1965 Temeraria,
647 1885 819 1968 perniciosa,
838 1885 889 1966 pio
905 1903 957 1965 pin·
982 1881 1141 1943 Ecclesiam
1154 1880 1217 1961 [re-

487 1987 621 2062 quentato
635 1979 722 2055 mori,
732 1986 794 2038 tmn
809 1986 836 2040 et
853 1973 1109 2038 itliProvidentioe
1118 1972 1220 2034 ordini

485 2073 712 2156 injuriosaque
726 2073 769 2132 ita
783 2073 864 2133 Dens
876 2089 935 2130 nec
953 2071 987 2130 in
1000 2068 1144 2129 omnibus
1155 2084 1218 2128 me·

488 2166 594 2227 moriis
608 2171 785 2226 sanctornm
801 2165 860 2225 ista
873 2163 941 2224 fieri
954 2162 1062 2237 voluit,
1079 2161 1133 2239 qui
1144 2159 1219 2220 divi-

488 2259 533 2320 dit
540 2259 665 2339 propria
678 2258 845 2336 unicuique
854 2260 947 2336 prout
960 2256 1037 2316 vult.

569 2375 612 2435 Ex
627 2375 658 2436 S.
677 2376 756 2452 dag.
773 2392 822 2453 ep.
832 2373 871 2433 78
885 2372 978 2448 clero,
990 2371 1174 2446 senioribus,
1187 2376 1218 2430 ct

608 2468 759 2528 universae
774 2465 856 2546 plebi
879 2465 1019 2526 Ecclesiae
1040 2465 1213 2544 Hipponem

780 2599 882 2660 LXXI.

487 2721 520 2779 m
530 2720 618 2779 .ltcm
628 2717 1164 2798 quavetctncimaginespresanm
1180 2719 1213 2779 n.

448 2810 583 2890 Virginis
588 2810 658 2871 ullis
664 2811 760 2870 titulis
770 2810 997 2887 distinguantur
1011 2818 1217 2889 praeterquam

448 2902 763 2970 denominationibus,
781 2920 850 2982 quea
865 2901 927 2962 sint
946 2902 1085 2981 ortalogon
1101 2907 1216 2982 myste-

447 2995 503 3055 riis
515 2995 553 3055 de
567 2995 681 3074 quibus
698 2995 731 3054 iu
745 3012 831 3054 sarira
853 2994 1010 3073 Scriptura
1029 3013 1169 3074 expresse
1183 2995 1218 3055 fit

398 3083 400 3087 ’
448 3088 586 3162 menti0;

488 3180 580 3254 Quasi
601 3199 657 3241 nec
677 3179 808 3241 adscribi
822 3185 946 3259 possent
959 3179 1148 3259 imaginibus
1158 3179 1217 3260 piae

448 3271 516 3332 aliae
531 3273 808 3348 denominationes,
822 3291 898 3350 epuns
911 3272 958 3332 vel
974 3273 1007 3332 in
1017 3272 1155 3351 ipsismet
1164 3291 1219 3352 pu·

447 3363 534 3426 blicis
546 3366 689 3445 precibus
703 3365 834 3426 Ecclesia
848 3365 959 3445 probat
969 3369 999 3425 et
1008 3365 1216 3441 commendat,

451 3492 630 3561 Temeraria,
656 3493 776 3575 piarem
797 3493 917 3553 auriana
938 3491 1084 3573 offenn'ca,
1103 3513 1219 3555 vertera-

467 3585 541 3647 tioni
556 3586 591 3648 B.
607 3585 771 3666 praesertim
790 3583 907 3666 Virgini
920 3583 1024 3646 debitae
1040 3585 1196 3667 irp'ariosa.

783 3746 897 3806 LXXll.

490 3867 539 3926 m.
557 3865 634 3926 ltcm
648 3883 718 3944 ‹111ae
735 3864 818 3925 velut
831 3864 964 3925 abusum
980 3865 1140 3945 exstirpari
1154 3865 1220 3924 uult

449 3972 569 4015 rnorem
597 3972 659 4032 qno
682 3953 791 4014 volatae
818 3960 1014 4016 asservantur
1037 3962 1127 4016 certae
1142 3954 1217 4014 ima-

449 4047 547 4126 gines,

453 4151 632 4229 Temeraria,
651 4150 836 4232 (incantato
851 4151 883 4210 in
898 4149 1041 4226 Ecclesia,
1058 4157 1086 4211 et
1100 4149 1139 4210 ad
1150 4148 1222 4231 fide-

491 4243 566 4304 liam
583 4243 723 4324 pietaten
745 4241 899 4323 fovendam
923 4242 1043 4304 inducto
1062 4243 1138 4303 niori
1152 4262 1218 4304 con-

472 4333 476 4347 '
490 4335 598 4398 traria.

512 4466 554 4528 lle
569 4464 671 4527 Fertis.
695 4464 800 4548 (Libel.
824 4467 997 4528 memorial.
1019 4485 1075 4546 pro
1089 4466 1157 4527 fest.

730 4557 855 4620 relorm.
871 4559 889 4638 5
903 4559 945 4640 3.)

770 4719 901 4781 LXXlll.

491 4850 540 4910 73.
557 4845 728 4928 Propositio
759 4846 923 4908 enuntians
948 4865 1101 4908 novolum
1127 4848 1218 4910 festo-

449 4960 521 5003 rum
548 4939 774 5002 institutionem
797 4958 836 5000 er
857 4938 1000 5018 neglectu
1019 4941 1052 5000 in
1065 4943 1220 5003 veteribus

450 5033 660 5106 observandis,
677 5037 708 5093 et
721 5051 760 5093 ex
770 5031 855 5092 falsis
868 5032 1047 5093 notionibus
1060 5040 1221 5097 natinaei

450 5126 520 5189 fin'n
540 5126 720 5188 earumdem
739 5125 971 5186 solemnitatum
990 5126 1140 5204 originem
1161 5129 1219 5188 du-

450 5239 541 5297 sisse,

453 5323 1218 5417 Falsa,tesserariasecndoloso,Ecclesiaeinjariosa,

490 5429 592 5509 [avens
605 5425 807 5508 licereticoram
830 5425 861 5486 ia
874 5425 935 5487 dim
947 5425 1036 5506 festos
1045 5447 1100 5518 pier
1113 5429 1217 5492 Eccle-

490 5522 566 5583 siam
578 5518 733 5582 celebratos
742 5517 912 5580 conuinciis.
1094 5519 1097 5525 '
1113 5523 1118 5527 '

1572 513 1649 577 laea.
1666 515 1727 594 §a

1585 643 1717 703 cxxiv.

1311 779 1361 836 ll.
1387 775 1571 836 Deliberatio
1582 775 1693 854 synodi
1707 775 1744 835 de
1771 771 2011 834 transferendisin

1267 867 1349 928 diem
1361 869 1556 928 Dominicum
1567 867 1650 928 festis
1664 885 1847 948 perannum
1868 865 2012 926 institutis:

1266 957 2015 1041 idqueprojnre,qnodpersuasumsibiesseaitepis

1267 1072 1343 1133 copo
1358 1061 1530 1134 competere
1544 1072 1636 1133 super
1651 1053 1843 1132 disciplinam
1857 1049 2016 1112 eeclesiasti-

1267 1163 1335 1206 cam
1349 1146 1382 1206 in
1397 1147 1505 1208 ordine
1519 1148 1558 1208 ad
1572 1165 1621 1208 res
1640 1164 1725 1207 mere
1739 1143 1931 1224 spiritualem
1949 1143 2014 1203 ideo-

1267 1257 1328 1316 que
1343 1245 1374 1300 et
1388 1245 1577 1319 preceptum
1586 1235 1854 1300 Missaeaudieudae
1869 1234 2016 1310 abrogandi

1267 1330 1376 1392 diebus
1398 1333 1571 1412 inquibus,
1592 1350 1630 1393 ex
1651 1331 1779 1410 pristina
1801 1329 1938 1390 Ecclesiae
1953 1327 2015 1404 lege,

1267 1424 1350 1503 viget
1364 1426 1534 1487 etiamnum
1549 1426 1580 1487 id
1594 1433 1782 1506 praeceptum
1798 1427 1886 1483 :tum
1900 1421 2018 1482 etiamin

1267 1535 1304 1576 eo
1327 1519 1410 1597 quod
1428 1518 1606 1599 superaddit
1627 1518 1665 1578 de
1685 1516 1904 1578 transferendis
1926 1515 1956 1574 in
1976 1513 2018 1574 ad-

1267 1615 1396 1671 ventum
1408 1611 1571 1691 episcopali
1585 1610 1765 1672 auctoritate
1777 1607 1904 1688 jejuniis
1916 1626 1967 1688 per
1979 1625 2020 1666 an-

1268 1721 1345 1763 num
1353 1723 1392 1764 ex
1407 1704 1547 1764 Ecclesiae
1559 1708 1712 1783 praecepto
1722 1701 1895 1776 servandis,

1308 1797 1464 1869 Quatenus
1493 1797 1623 1856 adstruit
1647 1795 1789 1875 episcopo
1814 1793 1860 1854 fas
1883 1811 1946 1854 esse
1964 1791 2021 1870 jme

1267 1889 1392 1968 proprio
1399 1888 1563 1950 transferre
1578 1889 1642 1948 dies
1651 1887 1689 1948 ab
1700 1887 1833 1948 Ecclesia
1845 1884 2021 1965 prescriptos

1267 1999 1323 2059 pro
1338 1981 1420 2042 lestis
1430 1981 1593 2060 jejuniisve
1615 1979 1802 2042 celebrandis
1816 1984 1872 2038 aut
1888 1978 2023 2038 indictum

1268 2074 1366 2135 Missae
1385 2074 1545 2135 audiendas
1557 2079 1747 2154 praeceptum
1763 2071 1924 2151 abrogare,

1267 2193 1437 2274 Propositio
1455 2191 1543 2272 salsa,
1552 2190 1637 2272 jacis
1652 2189 1838 2252 conciliorum
1853 2188 2025 2272 generalium

1306 2294 1335 2346 et
1348 2303 1527 2346 summania
1537 2281 1719 2364 Pontificum
1733 2282 1844 2359 lesina,
1858 2281 2025 2354 scandaloso,

1308 2377 1460 2439 scln'smati
1474 2377 1585 2457 savena.

1266 2495 1311 2558 Dc
1313 2495 1505 2577 juramentis.
1525 2494 1641 2577 (Libell.
1658 2493 1831 2556 memorial.
1847 2513 1905 2576 pro
1920 2493 2027 2574 juram.

1546 2587 1672 2648 reform.
1687 2585 1755 2666 §bi

1595 2706 1711 2766 LXXV.

1306 2825 1356 2883 75.
1374 2824 1528 2900 Doctrina,
1545 2841 1615 2902 quae
1630 2822 1771 2903 perhibet
1796 2823 1895 2884 beatis
1918 2828 2030 2902 tempo·

1266 2915 1352 2976 ribus
1361 2916 1513 2976 nascentis
1528 2915 1669 2976 Ecclesia
1680 2915 1858 2994 juramenta
1867 2915 1936 2976 visa
1949 2931 2034 2975 essee

1266 3009 1459 3069 documentis
1475 3009 1572 3068 divini
1581 3007 2036 3088 praceptoris,atqueabanrea

1267 3101 1441 3180 estangelica
1455 3101 1647 3181 simplicitate
1663 3101 1861 3177 adeoaliena,
1877 3108 1915 3162 ut
1930 3102 2036 3182 ipsein-

1267 3204 1323 3255 met
1329 3194 1439 3274 jurare
1458 3198 1519 3254 sine
1532 3201 1663 3253 caterina
1677 3201 1704 3253 et
1720 3191 1909 3254 ineluctabili
1922 3190 2036 3254 necessi·

1268 3293 1327 3347 tate
1342 3294 1494 3366 reputatus
1507 3287 1610 3366 sitisset
1622 3293 1706 3347 actas
1716 3285 1916 3366 irreligiosas,
1931 3285 2041 3346 bosniae

1270 3378 1428 3440 eluistiano
1445 3378 1581 3460 indignas
1602 3379 1973 3458 :insupercoatenualam
1996 3395 2040 3459 pa·

1268 3479 1347 3531 tenm
1372 3471 1474 3532 seriana
1497 3469 1690 3532 demoratione
1702 3472 1878 3552 juramenta
1898 3468 2045 3534 cornarani

1266 3580 1347 3622 sensa
1367 3581 1423 3642 pro
1439 3561 1537 3622 vetitis
1562 3559 1660 3621 tabita
1674 3561 1763 3641 seinse
1785 3581 1794 3620 :
1815 3561 1959 3642 indeque
1976 3577 2042 3641 pro·

1268 3654 1409 3734 graditur
1420 3654 1458 3714 ad
1467 3653 1668 3732 improbanda
1673 3653 1865 3732 juramenta,
1875 3674 1954 3735 quae
1965 3653 2046 3714 curia

1268 3747 1479 3823 ecclesiastiea,
1498 3746 1751 3826 jurisprudentiae
1773 3747 1922 3818 feudalis,
1947 3745 2046 3818 utait,

1267 3857 1411 3900 normam
1440 3845 1543 3900 secuta
1563 3839 1596 3899 in
1624 3839 1813 3900 investituris
1837 3841 1934 3901 etin
1959 3838 2049 3900 sacris

1268 3932 1342 4012 ipsis
1355 3933 1570 4012 episcoporum
1584 3931 1836 3992 ordinationibus
1857 3933 2049 4014 adoptarit:

1268 4024 1435 4104 statuitque
1454 4025 1530 4085 adeo
1546 4023 1772 4104 implorandam
1791 4026 1980 4087 asseculari
2000 4043 2050 4105 po

1269 4123 1377 4178 testate
1392 4119 1493 4197 legem
1506 4135 1562 4197 pro
1577 4117 1735 4177 abolendis
1749 4117 1962 4196 juramentis,
1986 4135 2053 4198 qaia

1269 4209 1303 4270 iu
1328 4211 1410 4271 curis
1435 4211 1529 4270 etiam
1553 4209 1762 4271 ecclesiasticis
1784 4211 1970 4290 exiguntur
2005 4227 2054 4288 pro

1267 4302 1470 4383 suscipiendis
1489 4302 1604 4363 muniis
1626 4307 1657 4363 et
1675 4301 1794 4380 officiis,
1815 4311 1846 4365 et
1867 4303 2057 4386 generatim

1268 4414 1325 4476 pro
1339 4396 1426 4455 omni
1439 4399 1510 4456 actu
1524 4395 1647 4470 curiali3

1268 4511 1371 4586 Falsa,
1394 4511 1533 4574 Ecclese'a’
1555 4511 1710 4592 injuriosa,
1724 4512 1811 4593 juris
1838 4511 2060 4578 Ecclesiastiei

1308 4604 1418 4678 larino,
1443 4603 1610 4685 disciplinae
1630 4623 1686 4685 pce
1713 4624 1835 4666 cationes
1865 4607 2016 4669 inductae
2033 4613 2059 4665 et

1304 4697 1440 4777 probata
1454 4695 1632 4758 sabuci-siaa.

1329 4815 1372 4877 Da
1385 4815 1799 4880 collationibuserelesiastrn'e.
1815 4819 1870 4888 (De
1880 4821 2001 4883 collat.

1514 4909 1677 4972 ecclesiast.
1694 4911 1711 4991 ᾗ
1727 4911 1768 4990 l.)

1575 5037 1733 5099 LXXXVI.

1309 5157 1359 5214 76.
1377 5153 1548 5232 lnseetatio,
1565 5173 1627 5234 qua
1661 5158 1799 5238 synodus
1829 5160 2066 5225 scholasticam

1269 5247 1411 5326 exagitat,
1437 5246 1522 5307 velut
1541 5267 1611 5309 eam
1626 5269 1693 5331 qnae
1711 5251 1790 5312 viana
1812 5257 1952 5334 aperuit
1981 5259 2068 5319 ince-

1269 5338 1367 5400 lendis
1378 5339 1461 5400 novis
1472 5346 1501 5400 et
1510 5339 1621 5404 interae
1634 5341 1812 5406 discordiam
1822 5350 2065 5428 systematibns,

1266 5429 1362 5513 quood
1369 5431 1499 5493 ueritates
1507 5433 1630 5515 neajoris
1634 5435 1741 5517 pretii,
1751 5435 2069 5506 ocdemrrenaddnrit

1268 5524 1306 5586 ad
1316 5523 1561 5604 probabilitatem
1569 5535 1595 5588 ct
1612 5528 1791 5604 lardarum·
