3992 6344
301 455 361 516 668
999 463 1051 525 DE
1070 462 1183 526 VOTO.

301 639 395 699 quam
410 625 524 688 Sancb.
545 635 576 689 ct
592 630 645 691 alii
665 632 847 693 dicantessc
859 629 1065 706 manifestam,
1119 633 1242 702 Suarcz,
1265 633 1346 693 Less.
1370 629 1403 692 ll.
1420 648 1462 690 cc.
1478 629 1536 689 tv.
1556 628 1602 687 Ex
1622 623 1785 706 privilegio
1800 625 1885 704 Papa

301 715 376 794 quia
387 720 495 796 negari
508 739 571 782 non
586 731 698 803 potest,
714 725 961 806 quiapromissio
975 725 1068 784 etiam
1118 726 1300 788 confessarii
1328 725 1480 785 Ordinum
1504 718 1766 794 Mendicantium,
1780 735 1886 778 secun-

301 807 376 868 lacta
391 810 429 870 sit
443 813 595 892 Ecclesiae,
611 836 681 896 quac
700 837 755 898 per
770 819 1011 898 acceptationem
1021 815 1072 893 jus
1120 820 1197 881 dum
1210 819 1444 880 concessionum
1453 821 1483 877 et
1492 812 1740 876 moderationem
1762 829 1887 870 suornm

301 903 479 979 acquisierit
487 926 495 980 ;
512 924 586 984 ergo
600 911 627 968 si
640 920 801 971 revocetur
815 911 882 990 ipsa
896 910 1003 982 invita,
1020 908 1073 968 liet
1122 913 1339 992 Superiorum,
1355 916 1391 970 ut
1404 913 1492 970 notat
1505 908 1587 968 less.
1600 923 1631 965 n.
1650 905 1717 964 tlt.

300 1002 408 1055 contra
423 997 475 1075 jus
489 998 582 1060 illius.
607 1002 694 1076 Quod
716 1010 819 1064 autem
835 1003 926 1063 liceat
940 1001 1071 1062 transire
1161 1009 1182 1038 “
1206 1007 1302 1082 Resp.
1330 1007 1360 1064 3.
1383 1000 1558 1083 supradicti
1578 1015 1687 1059 omnes
1708 997 1794 1076 Papa
1820 993 1890 1054 iaie

301 1087 341 1147 ad
369 1088 560 1166 Religionem
588 1095 788 1172 strictiorem,
819 1095 960 1175 quamvis
986 1094 1072 1173 prior
1119 1099 1216 1160 riores
1234 1102 1365 1177 possunt
1388 1096 1565 1175 dispensare
1577 1093 1613 1152 iu
1624 1088 1775 1151 omnibus
1793 1086 1887 1160 Votis,

301 1179 423 1258 Religio
443 1182 495 1260 jus
517 1187 715 1263 acquisiverit
737 1189 769 1248 in
785 1205 960 1267 personam.
978 1187 1071 1264 hujus
1119 1192 1252 1270 exceptis
1267 1191 1405 1271 quinque
1420 1189 1477 1250 soli
1488 1189 1579 1266 Papae
1593 1181 1770 1256 reservatis
1782 1180 1889 1242 sufficet

301 1289 425 1333 causam
437 1276 573 1336 reddunt
588 1281 745 1356 ditatores,
757 1281 829 1360 qcria
840 1299 878 1340 ex
887 1280 954 1358 ipsa
968 1279 1071 1356 dispo·
1119 1291 1191 1346 uoto
1200 1273 1887 1363 castitatispcrpctnce,Religionisapprobatae,

301 1364 411 1426 sitione
432 1366 511 1443 juris
535 1370 704 1433 includitur
731 1374 799 1434 haec
824 1372 975 1432 conditio:
1001 1369 1072 1431 Nisi
1119 1376 1377 1457 peregrinationis
1397 1376 1436 1435 ad
1462 1374 1573 1434 limina
1592 1369 1824 1452 Apostolorum,
1854 1367 1888 1427 ad

300 1453 434 1535 clegerint
457 1459 646 1536 strictiorem,
673 1465 739 1526 colo
766 1465 796 1524 in
817 1464 871 1524 dcc
886 1482 1068 1545 perpropere,
1121 1471 1151 1531 s,
1174 1469 1325 1531 Jaaohum
1352 1467 1600 1547 Compostellam,
1616 1469 1648 1526 et
1661 1462 1744 1522 ultra
1758 1461 1888 1536 marina,

300 1548 400 1624 qualis
418 1550 579 1631 dispositio
597 1575 662 1616 non
690 1563 736 1617 est
757 1558 835 1618 circa
850 1555 1070 1636 aliaspromis-
1120 1562 1182 1622 sive
1211 1563 1244 1622 in
1272 1563 1400 1622 Terram
1427 1561 1580 1620 Sanctam.
1606 1559 1643 1619 V.
1665 1558 1782 1618 Bonae.
1809 1555 1887 1614 less.

299 1638 411 1702 aiones.
1120 1655 1225 1734 Lapm.
1244 1654 1268 1715 ll
1294 1673 1334 1714 cc.

558 1767 711 1828 DUBIUM
732 1766 811 1826 Vlll.
1407 1781 1604 1844 ADDENDA.

302 1879 379 1957 Quid
386 1881 423 1940 sit
436 1879 623 1960 dispensatio,
640 1890 667 1943 et
680 1883 735 1964 qni
746 1883 840 1964 possit
859 1882 1023 1963 dispensare
1038 1883 1071 1943 in
1331 1865 1335 1870 ¹

636 1974 733 2036 vorat?
1162 1923 1216 1999 Oa.
1236 1926 1306 1986 130.
1327 1923 1375 1985 An
1389 1922 1534 2002 superior,
1548 1922 1576 1982 si
1591 1928 1712 2000 rogetur
1737 1927 1766 1980 at
1789 1920 1889 2002 possit,
1912 1909 1960 1968 aa

1119 2021 1253 2074 tenentur
1266 2011 1434 2094 dispensare
1449 2012 1481 2072 in
1496 2008 1594 2072 cotis?
1608 2012 1650 2071 R.
1665 2010 1804 2076 Quaestio
1818 2029 1891 2090 pro·

217 2095 274 2158 537
342 2101 363 2133 ''‘
388 2101 478 2180 Resp.
497 2103 518 2162 l.
549 2103 740 2182 Dispensatio
762 2109 807 2164 est
830 2103 970 2164 absoluta
992 2104 1069 2164 obli·
1119 2106 1200 2166 cedit
1233 2107 1271 2166 de
1304 2105 1531 2184 dispensatione
1571 2103 1652 2164 circa
1686 2121 1893 2182 quascumque

299 2194 431 2271 gationis
444 2194 508 2254 voti
534 2196 730 2270 condonatio,
759 2197 884 2257 nomine
906 2197 959 2257 Dei
980 2196 1066 2258 lacta.
1119 2198 1278 2271 materias,
1295 2199 1379 2259 cande
1393 2197 1610 2258 universaliter
1631 2196 1799 2275 loquendo,
1815 2194 1845 2275 ᾖ.
1864 2200 1891 2256 l.

299 2285 347 2346 Ad
360 2286 451 2362 banc,
469 2291 505 2346 ut
531 2287 643 2363 valeat,
664 2288 749 2366 justa
772 2307 863 2350 carrea
874 2289 1044 2368 requiritur
1061 2310 1068 2350 :
1121 2291 1155 2350 Si
1178 2297 1307 2370 rogetur
1327 2296 1455 2370 propter
1474 2289 1688 2351 necessitatem
1705 2288 1895 2368 spiritualem

299 2377 438 2455 qualisv.
453 2397 485 2457 g.
499 2385 555 2455 est,
571 2385 601 2442 l.
618 2380 739 2440 Bonum
754 2381 908 2458 Ecclesiae,
921 2383 971 2442 vel
985 2399 1069 2442 com·
1122 2389 1294 2444 extremam
1309 2383 1359 2443 vel
1372 2401 1501 2461 greum
1527 2381 1738 2461 dispensandi,
1756 2384 1893 2454 tenena

299 2485 395 2529 mune
410 2471 611 2550 Reipublicae.
638 2473 668 2533 b.
692 2473 841 2533 Notabilis
866 2471 1029 2534 difficultas
1038 2475 1071 2534 in
1120 2475 1194 2536 hinc
1210 2476 1301 2537 Suar.
1315 2473 1413 2555 delep.
1432 2474 1455 2536 l.
1471 2477 1501 2535 6.
1516 2494 1542 2534 c.
1560 2475 1608 2536 l8.
1629 2493 1661 2534 n.
1676 2473 1727 2534 ᾗ.
1755 2479 1837 2533 recte
1854 2473 1895 2533 ait

299 2561 512 2626 observatione
526 2566 602 2625 voti.
637 2569 665 2626 3.
690 2565 882 2644 Imperfectio
902 2571 999 2642 actus,
1022 2567 1071 2626 vel
1121 2586 1209 2647 posse
1224 2569 1262 2628 de
1275 2569 1351 2629 Jure
1365 2573 1487 2628 naturae
1501 2585 1567 2628 esse
1585 2565 1724 2626 debitam
1738 2565 1896 2645 dispensa·

298 2653 406 2715 levitas
419 2674 455 2716 ac
484 2655 621 2732 facilitas,
638 2677 674 2718 ex
704 2677 766 2736 qua
789 2659 937 2738 processit
950 2664 1070 2734 votum,
1121 2659 1249 2734 tionem,
1266 2661 1299 2720 iu
1323 2660 1432 2739 primis
1455 2659 1582 2740 quando
1608 2663 1654 2719 cst
1666 2658 1841 2718 necessaria
1856 2658 1895 2717 ad

299 2745 387 2808 Suar.
405 2747 427 2807 l.
449 2750 479 2810 6.
495 2769 519 2812 c.
538 2754 585 2811 Π.
604 2749 671 2810 Fill.
695 2758 716 2810 t.
734 2751 784 2810 26.
801 2770 831 2812 a.
857 2752 924 2812 260.
956 2751 1069 2812 Sancb.
1120 2771 1323 2816 communem
1343 2753 1475 2828 bonum,
1490 2753 1594 2814 velud
1612 2751 1778 2812 vitandum
1794 2749 1895 2830 publi·

298 2836 319 2899 1.
345 2841 374 2899 l.
391 2859 416 2902 c.
434 2843 484 2901 ts.
512 2843 551 2903 V.
574 2843 687 2904 Bonae.
705 2840 734 2902 d.
753 2845 782 2902 l.
807 2863 836 2922 q.
853 2845 883 2902 2.
897 2861 930 2923 p.
947 2845 975 2903 t.
993 2843 1020 2921 §.
1039 2845 1068 2902 l.
1120 2863 1192 2906 cum
1217 2845 1410 2920 scandalum,
1425 2846 1475 2905 uel
1489 2844 1529 2906 ob
1544 2844 1678 2904 similem
1693 2861 1830 2916 causam,
1849 2845 1896 2904 uti

297 2951 328 2991 n.
344 2935 373 2993 l.
389 2935 499 3014 Laym.
515 2932 538 2995 l.
554 2937 585 2995 t.
602 2939 624 2996 t.
643 2936 672 2995 l.
687 2953 712 2996 c.
721 2936 750 2996 8.
763 2953 793 2996 n.
804 2937 832 2995 Γ).
849 2933 1069 3012 Undcrccolves,
1121 2939 1193 2998 satis
1206 2937 1359 3016 colligitur
1382 2955 1421 2998 ex
1443 2939 1515 3016 Gap.
1535 2936 1576 3000 tn
1594 2935 1823 2996 contineretur
1842 2937 1892 2996 38.

342 3030 363 3060 ‘⁶
388 3027 410 3088 l.
427 3027 507 3087 Cum
528 3046 619 3088 cause
630 3046 692 3088 non
720 3027 834 3088 sufficit
856 3028 896 3088 ad
917 3028 1071 3107 integram
1120 3027 1191 3092 dist.
1206 3030 1256 3091 50.
1273 3030 1389 3090 Deinde
1399 3030 1492 3090 etiam
1503 3029 1635 3090 subinde
1644 3034 1819 3090 teneturex
1832 3027 1895 3088 offi-

297 3120 579 3200 dispensationcm,
609 3120 722 3200 partim
749 3119 934 3180 commutari
957 3125 1068 3200 potest.
1121 3123 1178 3196 cio,
1196 3123 1222 3182 si
1236 3122 1424 3200 dispensatio
1443 3121 1538 3182 fuerit
1560 3120 1735 3182 neccssaria
1749 3120 1788 3181 ad
1803 3121 1893 3199 spiri-

297 3210 446 3274 Boaacl.
463 3230 488 3271 c.
1118 3215 1201 3276 tuale
1228 3215 1348 3276 bouum
1373 3215 1568 3294 postulantis,
1598 3214 1649 3274 vel
1671 3211 1891 3274 adnitendum

339 3308 360 3339 “
385 3305 427 3364 ll.
442 3303 949 3385 Praelatnsvideus,ac(cumfacile
962 3301 1067 3385 possit)
1118 3326 1211 3388 mave
1232 3307 1409 3388 periculum
1437 3308 1565 3382 animae;
1587 3307 1662 3385 quia
1689 3304 1892 3368 Praelatusex

297 3417 362 3459 nou
377 3397 599 3472 contradicens,
616 3398 740 3458 videtur
754 3397 943 3476 dispensare,
967 3397 1070 3476 inquit
1118 3399 1219 3460 officio
1233 3404 1358 3461 tenetur
1365 3399 1530 3479 providere
1539 3399 1678 3478 periculo
1685 3397 1890 3464 subditorum.

299 3491 351 3552 Sa.
1119 3499 1226 3572 estque
1242 3510 1323 3572 saepe
1338 3491 1487 3569 obligatio
1499 3490 1641 3568 justitia,
1657 3496 1688 3550 et
1699 3490 1815 3569 saepius
1828 3490 1894 3551 cbe-

340 3585 360 3617 “
385 3584 441 3644 Ill.
458 3583 594 3642 Potestas
608 3582 701 3648 etiam
714 3580 855 3659 delegata
872 3582 1069 3661 dispensandi
1117 3585 1228 3658 citatis,
1246 3585 1292 3644 uti
1308 3583 1464 3662 colligitur
1474 3581 1654 3644 eudictisl..
1671 3584 1702 3642 Ξ.
1714 3602 1746 3642 n.
1758 3583 1830 3644 278.
1840 3582 1893 3643 abi

297 3677 330 3738 in
351 3676 430 3738 votis
452 3675 591 3736 extendit
617 3693 648 3734 se
663 3675 756 3734 etiam
771 3674 807 3734 ad
821 3680 894 3734 vota
908 3675 1022 3753 jurata,
1040 3683 1070 3736 et
1116 3696 1149 3738 n.
1166 3678 1237 3738 875.
1250 3677 1437 3756 explicatum
1454 3675 1722 3754 est,quandonam
1732 3681 1892 3735 censeatur

293 3769 472 3847 juramenta
486 3769 536 3848 pia
551 3766 607 3828 soli
620 3768 682 3828 Deo
695 3765 783 3840 facta,
813 3767 851 3826 V.
882 3766 971 3828 Sarac.
999 3766 1019 3828 t.
1037 3769 1067 3828 6.
1118 3769 1222 3829 adesse
1235 3769 1399 3829 necessitas
1416 3765 1737 3845 extremavelgravis
1751 3767 1891 3846 spiritua·

297 3861 333 3922 de
348 3870 425 3937 noto,
439 3861 552 3920 Sancb.
570 3859 592 3919 l.
609 3861 637 3920 8.
654 3856 691 3918 de
707 3857 800 3920 Matr.
816 3857 847 3918 d.
870 3859 899 3918 3.
1116 3861 1155 3922 lis
1168 3862 1250 3940 apud
1264 3861 1454 3940 proximum.
1909 3889 1963 3952 5ae

339 3957 361 3988 “
378 3955 433 4015 IV.
450 3954 529 4014 Ante
543 3952 608 4012 voti
621 3951 888 4030 acceptationema
902 3957 984 4012 certa
998 3968 1068 4029 per-
1157 3954 1185 4032 ᾗ.
1199 3955 1228 4015 b.
1253 3953 1399 4028 Quamvis
1413 3970 1478 4013 non
1502 3951 1541 4011 sit
1554 3949 1718 4011 necessitas
1739 3951 1851 4028 gravis,
1866 3950 1890 4010 si

297 4066 373 4109 sona
386 4051 441 4108 aut
462 4047 502 4106 ab
516 4043 666 4118 Ecclesia,
681 4063 745 4104 non
761 4050 902 4104 censetur
916 4044 944 4104 ei
954 4043 1005 4121 jus
1019 4061 1070 4104 ao·
1117 4052 1222 4107 tamen
1250 4047 1330 4108 adsit
1364 4043 1519 4105 sufficiens
1561 4061 1664 4120 causa,
1694 4042 1890 4122 Superiorem

298 4141 471 4221 quisitum,
495 4139 626 4216 ideoque
656 4137 722 4197 sine
750 4136 815 4214 ejus
843 4136 956 4214 injuria
970 4141 1071 4216 potest
1117 4139 1218 4199 tenen
1245 4139 1421 4218 dispensare
1451 4137 1564 4197 docent
1589 4137 1622 4196 S.
1662 4135 1779 4197 buton.
1818 4135 1887 4196 Salv.

298 4233 467 4314 dispensari
481 4229 737 4291 velcommutari·
1118 4231 1238 4292 Rebuli.
1263 4231 1373 4292 Armil.
1403 4231 1480 4290 Ros.
1506 4227 1622 4306 aliique
1649 4244 1729 4306 quos
1755 4226 1890 4288 referunt

342 4331 363 4362 “
388 4328 478 4406 Rcsp.
493 4329 524 4386 2.
548 4325 683 4383 Potestas
710 4321 908 4400 dispensandi
927 4319 1071 4381 convenit
1120 4325 1212 4385 Suar.
1228 4343 1259 4383 n.
1273 4325 1320 4384 ts.
1337 4322 1452 4384 Sancb.
1468 4320 1505 4382 de
1514 4319 1607 4382 Matr.
1625 4319 1648 4380 l.
1663 4321 1693 4381 3.
1709 4317 1739 4380 d.
1757 4322 1809 4381 tt).
1824 4320 1889 4380 n.‘2.

300 4419 445 4480 omnibus
459 4416 608 4488 Praelatis,
625 4414 679 4494 qui
692 4413 809 4474 habent
821 4412 1072 4473 quisdictionem
1119 4417 1212 4478 Castr.
1224 4425 1245 4476 t.
1261 4418 1291 4478 3.
1303 4414 1335 4476 d.
1351 4419 1382 4490 8,
1398 4433 1430 4495 p.
1446 4415 1475 4474 8.
1488 4413 1517 4492 ἕ.
1539 4413 1570 4474 8.
1587 4431 1616 4473 a.
1635 4413 1664 4473 8.
1687 4411 1803 4490 qrribus
1822 4431 1891 4472 orn-

299 4513 333 4572 in
346 4511 413 4571 foro
428 4515 567 4581 externo,
580 4508 631 4569 vel
653 4505 864 4586 privilegium.
885 4507 966 4567 Less.
991 4503 1013 4567 l.
1039 4508 1068 4566 ἓ.
1120 4509 1214 4570 sentit
1227 4508 1337 4569 Tamb.
1352 4507 1375 4568 l.
1393 4508 1422 4567 3.
1438 4525 1463 4567 c.
1482 4506 1533 4566 ta.
1549 4504 1578 4586 ᾖ.
1590 4507 1620 4565 l.
1636 4523 1665 4565 n.
1685 4506 1735 4565 ts.
1748 4505 1890 4583 quiahtcc

300 4623 326 4664 c.
343 4605 393 4664 to.
407 4622 437 4662 n.
455 4602 523 4662 115.
546 4608 645 4680 etseq.
665 4599 777 4660 Sancb.
796 4600 872 4660 Mor.
890 4598 913 4660 l.
927 4601 957 4659 l.
969 4617 996 4658 c.
1020 4599 1069 4658 38.
1120 4607 1253 4681 potestas
1267 4606 1313 4661 est
1326 4601 1385 4680 ipsi
1405 4597 1570 4660 commissa
1591 4598 1624 4657 iu
1637 4597 1759 4656 bouum
1775 4597 1892 4676 Reipu-

300 4701 332 4758 et
344 4697 546 4757 commonitor.
570 4693 659 4754 Unde
681 4693 857 4771 dispensare
879 4695 1008 4770 possunt
1020 4707 1071 4750 se-
1120 4694 1220 4768 blioce,
1233 4699 1264 4754 et
1277 4692 1485 4765 subditorum,
1500 4689 1705 4768 valetqueltie
1719 4689 1890 4749 murmanis

299 4795 447 4870 quentes:
464 4787 598 4865 LPapa,
611 4790 751 4864 respectu
767 4783 909 4844 omnium
919 4783 1072 4844 Fidelium
1120 4786 1240 4866 regula,
1266 4784 1350 4864 qrtod
1380 4781 1537 4864 Superiori
1559 4781 1724 4842 conveniat
1751 4781 1889 4840 omnium

298 4883 331 4944 in
346 4880 494 4942 omuibus
507 4877 603 4938 Votis.
615 4878 651 4938 ll.
662 4877 844 4956 Episcopus,
854 4884 994 4956 respectu
1004 4894 1073 4937 suo·
1121 4879 1248 4940 utilitati
1263 4875 1447 4956 prospicere,
1463 4874 1516 4935 sed
1530 4873 1642 4934 melius
1654 4872 1763 4932 dicunt
1777 4873 1885 4934 Sancb.

298 4992 370 5036 rum
384 4973 590 5046 subditorum,
605 4989 670 5030 nou
688 4976 792 5030 autem
816 4968 982 5045 Parocbus,
1001 4971 1074 5048 quia
1120 4993 1149 5034 n.
1167 4975 1197 5034 3.
1217 4972 1307 5033 Suar.
1323 4989 1354 5030 n.
1370 4965 1699 5044 subsidiaconem
1714 4966 1884 5026 Casinati.

298 5074 422 5130 tantum
448 5064 543 5125 habet
574 5062 829 5123 iurisdictionem
857 5059 916 5121 fori
943 5061 1070 5122 interni.
1122 5064 1321 5145 Superiorem
1341 5079 1406 5122 non
1428 5058 1528 5120 teneri
1552 5075 1675 5137 semper
1702 5056 1884 5136 dispensare,

300 5163 389 5222 Suan.
421 5157 443 5219 l.
466 5176 490 5218 c.
515 5175 541 5219 c.
575 5157 624 5215 lb.
647 5155 706 5214 Ill.
743 5153 868 5214 Praelati
902 5153 1073 5232 Regulares
1121 5157 1246 5236 quando
1260 5155 1346 5215 adest
1360 5171 1453 5214 causa
1467 5150 1631 5222 sufficiens,
1648 5149 1723 5228 quia
1735 5167 1885 5229 saepeuou

301 5252 447 5332 exempti,
476 5252 617 5328 respectu
643 5263 772 5307 suorum
799 5245 1023 5324 Religiosorum
1042 5252 1073 5306 et
1122 5254 1168 5310 est
1193 5248 1235 5308 ita
1257 5263 1383 5324 urgens,
1407 5245 1483 5323 quin
1509 5243 1574 5303 fere
1602 5241 1764 5320 aequaliter
1783 5247 1887 5320 urgeat

300 5340 612 5418 Noritiorum,idque
627 5339 707 5399 circa
718 5343 800 5410 voto,
811 5355 881 5415 quae
895 5337 928 5396 in
941 5338 1072 5414 Saeculo,
1123 5358 1216 5402 catrsa
1229 5357 1293 5400 non
1314 5334 1522 5416 dispensandi,
1538 5333 1592 5394 sed
1615 5333 1761 5394 servandi
1782 5335 1888 5411 Legem

303 5436 461 5500 ueletiam
483 5434 517 5493 in
538 5431 695 5493 Novitiatn
710 5430 858 5504 lecerunt,
873 5429 952 5490 Less.
976 5448 1005 5489 n.
1021 5430 1071 5490 80.
1123 5447 1333 5503 commanem,
1350 5432 1381 5488 et
1388 5427 1434 5486 uti
1444 5425 1592 5505 Superior
1601 5442 1668 5485 non
1677 5443 1801 5505 semper
1808 5431 1888 5485 tenc—

305 5537 336 5592 ct
355 5530 424 5591 107.
450 5525 563 5587 Sancb.
582 5522 604 5584 l.
621 5525 652 5584 9.
669 5522 704 5583 cle
718 5523 813 5584 Matr.
829 5521 859 5582 d.
877 5523 927 5583 89.
942 5539 1005 5582 nou
1018 5541 1075 5582 au·
1122 5531 1175 5586 tur
1187 5524 1268 5584 ferre
1278 5523 1402 5600 Legem,
1422 5519 1493 5579 licet
1506 5516 1610 5577 futura
1623 5524 1703 5578 essct
1717 5517 1758 5577 ad
1775 5517 1884 5576 bonum

300 5629 365 5684 tem
378 5619 501 5707 Praelati
521 5635 586 5678 non
600 5615 755 5694 exempti,
770 5633 876 5694 neque
895 5615 1074 5676 abbatisse.
1124 5631 1300 5690 commune,
1324 5628 1396 5693 pum
1410 5609 1506 5690 possit
1519 5609 1607 5671 aliter
1621 5609 1796 5688 prospicere
1809 5607 1885 5666 bono
