3976 6342
526 433 576 493 DE
595 433 704 496 LOCIS
724 435 892 502 acutus
912 435 1153 501 THEOLOGIAE.
1597 427 1631 486 at

84 600 233 664 dudam
247 598 444 666 declararunt
467 598 490 664 ¹.
519 601 571 668 Ea
589 605 695 664 autem
709 601 815 682 singu·
866 601 1064 666 cedaar-andes
1078 595 1394 663 Eccleetaretananda
1403 591 1637 676 deposcitmdbi-

81 692 381 774 lommlipiscoporum
388 693 816 761 CathedrmPetritldclissimc
868 695 932 760 bita
951 694 1181 758 consideratiore
1193 691 1341 774 dilipenti,
1358 695 1565 771 temperentur.

82 788 211 859 adherere,
227 785 403 866 depositum
417 793 522 848 sancte
532 786 735 868 religioseque
748 806 816 851 cus-
908 790 964 852 Hic
977 799 1082 850 autem
1093 793 1228 852 vestram
1241 785 1385 848 volumus
1403 782 1566 844 excitatam
1581 799 1637 860 pro

80 879 162 956 adue,
176 885 201 940 et
214 897 350 960 pascere,
367 881 421 960 qui
435 881 522 942 ineis
536 885 592 956 est,
609 899 735 958 gregem
749 881 815 945 Dei.
867 882 1027 961 Religione
1046 882 1250 944 constantiam
1269 880 1415 941 adversas
1437 874 1637 936 foedissimam

79 972 217 1052 Presbyteri
228 990 302 1034 nero
318 973 448 1052 subjecti
460 973 531 1048 sint,
546 977 677 1053 oportet,
694 974 816 1054 Episco-
868 975 1045 1037 clericalem
1064 974 1241 1036 scalibatum
1261 969 1517 1051 conjurationem,
1542 984 1638 1046 quam

78 1065 122 1148 pis,
137 1083 201 1145 quos
221 1065 270 1126 ati
284 1067 395 1128 anima
414 1073 549 1147 parentes
564 1065 760 1147 suscipiendos
783 1065 818 1128 ab
867 1068 1165 1131 nostisetl'ervescere
1176 1067 1208 1126 in
1219 1064 1395 1138 dieslatius,
1407 1058 1637 1123 connitentibus

80 1157 133 1240 ipris
149 1176 204 1234 ece,
214 1163 326 1232 monet
335 1157 567 1238 Hieronymus'
586 1167 662 1220 :nec
676 1177 818 1239 unquam
868 1178 939 1221 cnm
953 1161 1165 1241 perditissimis
1179 1156 1277 1220 nostri
1293 1156 1349 1218 aevi
1362 1153 1551 1234 philosophis
1561 1169 1639 1212 non-

77 1250 280 1327 oblitiscaniur,
309 1270 341 1315 sc
365 1251 494 1312 vetustis
521 1250 615 1314 etiam
649 1251 818 1314 canonibus
868 1254 938 1314 ullis
965 1255 1060 1314 etiam
1085 1272 1122 1314 ex
1141 1253 1207 1333 ipso
1231 1247 1433 1310 ecclesiastico
1448 1245 1566 1312 ordine,
1584 1243 1638 1322 qni

77 1343 158 1419 nean,
171 1345 327 1425 quidpiam
342 1345 375 1406 in
385 1349 525 1424 suscepto
535 1343 815 1424 ministerioagerc,
868 1365 1007 1426 personae
1028 1345 1127 1420 obliti,
1143 1343 1343 1421 munerisque
1358 1340 1417 1416 sui,
1434 1357 1468 1398 ac
1482 1335 1638 1397 blanditiis

77 1455 103 1499 ac
113 1438 222 1498 docendi
238 1443 270 1498 ct
285 1438 489 1498 concionandi
496 1455 612 1498 munus
624 1437 681 1498 sibi
695 1455 818 1500 sumere
867 1439 987 1519 abrepti
998 1439 1204 1518 voluptatum,
1224 1434 1402 1496 cotinentiae
1415 1433 1636 1512 proruperunt,

76 1529 257 1594 somnolentia
271 1530 425 1612 Episcopi,
445 1531 529 1612 cujus
550 1528 625 1611 fidei
637 1529 765 1612 popalus
777 1535 818 1590 est
868 1538 903 1592 ut
916 1533 1053 1612 publicas
1072 1533 1164 1592 ctiam
1187 1535 1279 1608 atque
1303 1529 1426 1588 iteratas
1438 1522 1592 1602 aliquibus
1604 1522 1638 1582 in

75 1621 184 1696 creditus,
193 1629 312 1704 etaqao
318 1642 374 1704 pro
382 1621 538 1685 animabus
548 1622 628 1684 ratio
642 1623 779 1704 eripetar
793 1621 814 1686 ⁸.
867 1625 942 1687 locis
957 1624 1024 1686 ausi
1042 1625 1103 1686 sint
1120 1623 1267 1683 adhibere
1285 1618 1479 1697 Principibus
1501 1613 1637 1694 postula-

76 1715 315 1796 Gertumdsniqua
325 1715 819 1794 firmumtprcsit,eoaomnes‚qui
867 1719 966 1780 tiones
981 1718 1019 1778 ad
1034 1717 1227 1798 disciplinam
1236 1715 1323 1775 illam
1333 1710 1560 1772 sanctissimam¹
1570 1723 1639 1786 per-

73 1805 191 1866 adrcrsus
214 1805 424 1886 prestitutum
438 1805 522 1866 hunc
540 1805 683 1866 ordinem
702 1804 817 1884 aliquid
867 1811 1074 1890 fringendam.
1096 1810 1154 1870 Sed
1171 1809 1255 1888 piget
1281 1806 1319 1867 dc
1342 1803 1528 1884 turpissimis
1555 1799 1638 1860 biam

74 1898 221 1974 moliantur,
242 1903 360 1962 statum
374 1898 525 1976 Ecclesiae,
536 1902 688 1977 quantum
701 1897 733 1958 in
743 1897 817 1978 ipsis
868 1904 1029 1966 conatibus
1047 1902 1141 1980 longo
1165 1896 1220 1962 ros
1241 1916 1383 1962 sermone
1398 1895 1556 1965 distinere,
1573 1909 1639 1953 vcs-

73 1996 115 2064 llb
129 1991 309 2070 Piliulbalfl·
867 2003 986 2076 trmqae
1000 1997 1102 2076 potius
1111 1994 1253 2073 religioni
1262 1993 1392 2054 fidentes
1402 1986 1635 2062 committimus,

104 2083 179 2148 Nefas
190 2103 283 2163 P0t10
297 2088 385 2152 Osset·
399 2087 491 2162 ⁰quss
503 2081 542 2142 ab
559 2099 596 2142 ⁶0
612 2083 818 2144 venerationis
869 2090 1010 2168 ntlegcm
1021 2085 1319 2160 maximimomenti,
1331 2085 1466 2161 inquam
1475 2078 1636 2140 lascivien-

72 2176 153 2236 studio
170 2195 295 2256 prorsus
312 2177 461 2253 ahenum,
486 2194 549 2256 qua
575 2174 716 2236 Ecclesia
736 2175 818 2254 teges
869 2179 1389 2259 tiumtelaundiquesnntiutenta‚
1401 2177 1638 2234 sartamtectam

72 2275 130 2330 ⁵1¹¹st
141 2270 333 2352 excipienti&
359 2270 508 2330 Sflssssiiflm
532 2267 571 2328 ab
596 2268 663 2348 ipsa
680 2268 817 2350 discipli·
870 2275 1028 2346 custodiri,
1050 2272 1224 2345 vindicari,
1251 2268 1397 2342 delendi,
1422 2285 1457 2328 ex
1480 2279 1638 2326 sacrorum

71 2379 138 2439 nam,
151 2381 207 2442 qua
220 2368 252 2426 et
267 2381 425 2425 sacrorum
443 2360 629 2442 procuratio,
649 2365 680 2420 et
693 2379 819 2427 morum
869 2385 1024 2428 canonum
1042 2367 1233 2446 praescripto,
1248 2363 1335 2426 omni
1353 2379 1411 2441 ope
1432 2355 1636 2420 contendatis.

71 2471 169 2531 norma,
184 2461 213 2516 ct
225 2455 349 2536 jririum
370 2454 520 2522 Ecclesiae.
545 2453 818 2534 Ministrorumquc
909 2461 1095 2522 Honorabilis
1113 2458 1224 2520 deinde
1251 2455 1495 2518 Ghfistmnorurn
1518 2467 1636 2510 munu-

70 2545 200 2624 ejusratio
212 2548 522 2623 continetur,vcsana
531 2545 679 2626 opinandi
691 2546 818 2610 libidine
868 2553 966 2629 bium,
976 2553 1059 2633 quod
1068 2552 1294 2614 Sacramentum
1302 2566 1440 2628 maqnum
1447 2541 1638 2621 ntrncupavit

70 2638 224 2718 improbari,
233 2641 286 2702 vel
299 2647 333 2702 ut
348 2640 438 2702 certis
444 2639 650 2718 jurisnaturce
658 2638 818 2720 principiis
869 2646 982 2706 Paulus
1010 2646 1041 2706 in
1076 2643 1194 2704 Christo
1208 2651 1234 2704 et
1255 2640 1389 2704 Ecclesia
1407 2637 1430 2712 ⁷,
1456 2651 1637 2698 communes

69 2730 188 2794 infestam
208 2735 322 2810 notari,
346 2733 397 2794 vel
416 2749 560 2794 mancam
578 2730 744 2812 diciatquc
758 2733 817 2794 im·
867 2745 987 2798 nostras
1015 2755 1102 2798 curas
1129 2735 1285 2812 efflagitat,
1316 2751 1356 2794 na
1390 2729 1465 2810 quid
1491 2727 1638 2788 adversus

70 2823 222 2904 perfectam,
233 2827 380 2907 civilique
394 2824 568 2886 auctoritati
581 2823 760 2903 subjectam.
868 2831 964 2909 ipsius
983 2829 1188 2903 sanctitatem,
1212 2845 1247 2888 ac
1267 2826 1305 2886 de
1324 2818 1539 2884 indissolubilii
1555 2817 1636 2896 ejus-

100 2917 305 2994 Camertem,
336 2923 371 2980 ut
401 2917 655 2980 Tridentinorum
689 2917 815 2980 Patrum
867 2924 938 2984 dem
952 2921 1077 2982 viuculo
1096 2920 1201 2982 minus
1219 2923 1301 2980 recte
1319 2916 1480 2989 sentiatur,
1503 2911 1552 2971 vel
1571 2916 1639 2971 ten-

70 3009 154 3072 rcrbis
175 3017 310 3087 utamrn,
332 3016 450 3072 coiistet
476 3009 642 3070 Ecclesiam
669 3008 815 3072 eruditam
866 3021 949 3076 tetur
969 3015 1084 3076 induci.
1110 3015 1252 3094 Impense
1272 3010 1385 3088 idjam
1407 3005 1638 3068 commendaret

67 3100 142 3182 salise
161 3124 177 3164 a
199 3103 320 3166 cbristo
338 3101 456 3179 JESU,
481 3101 602 3186 eJ'asque
625 3101 812 3184 Apostolicis,
867 3108 930 3170 suis
943 3109 983 3168 ad
996 3127 1051 3168 uos
1064 3099 1506 3168 litteristeticisrecordationis
1519 3097 1638 3159 Preda-

68 3204 140 3282 ΜΨ
151 3216 167 3256 ‘⁸
180 3195 303 3280 Spiritu
317 3195 425 3258 &mtto
437 3193 487 3256 t'llt'
495 3212 608 3256 omnem
621 3194 773 3256 veritatem
785 3197 814 3258 in
867 3219 967 3262 cessar
975 3202 1084 3262 Noster
1099 3199 1170 3260 Pius
1188 3198 1276 3262 Vlll:
1292 3195 1394 3256 adbuc
1406 3199 1512 3254 tamen
1527 3189 1637 3252 infesta

67 3285 116 3348 dier
142 3296 308 3370 nucamenta
330 3286 444 3352 edoceri
470 3284 493 3362 ⁸,
529 3285 698 3348 absurdam
724 3286 814 3368 plane
866 3292 968 3355 eidem
982 3293 1363 3354 moliminasnccrescunt.
1379 3285 1514 3349 Docendi
1532 3283 1636 3362 itaque

68 3385 113 3454 ttb
125 3399 157 3442 ac
173 3382 307 3444 maxime
321 3381 354 3443 in
370 3398 438 3442 cam
452 3379 650 3458 injuriosum,
665 3387 814 3443 restaura·
866 3391 940 3446 sant
953 3385 1059 3446 sedulo
1072 3384 1190 3465 populi,
1210 3380 1446 3444 matrimonium
1464 3375 1559 3440 semel
1578 3377 1636 3438 rita

66 3471 155 3534 lienem
172 3493 206 3536 ac
226 3473 469 3556 reqeneratebaem
492 3471 659 3552 quamdam
676 3471 812 3552 obtrudi,
866 3477 979 3540 initum
999 3478 1104 3540 dirimi
1123 3477 1255 3557 amplius
1280 3493 1346 3536 non
1363 3491 1464 3554 possa,
1487 3469 1636 3548 nexisque

67 3565 139 3644 quasi
157 3565 371 3642 necessariam,
401 3570 438 3626 ut
465 3563 530 3644 ejus
553 3563 760 3626 incolumitati
785 3572 816 3628 et
866 3571 1022 3632 connubio
1046 3571 1146 3632 Deum
1179 3567 1324 3630 indidisse
1355 3570 1537 3646 perpetuam
1564 3562 1635 3622 vitae

66 3657 237 3727 incremento
252 3659 443 3736 consulatur,
462 3656 590 3737 perinde
606 3675 642 3717 ac
655 3657 681 3718 si
698 3659 816 3725 censeri
866 3663 1053 3738 societatem,
1087 3663 1268 3742 nodumque
1303 3655 1547 3723 necessitudinis,
1582 3652 1636 3733 qai

65 3749 119 3829 ipsa
130 3751 281 3830 possitvel
294 3749 436 3828 defectui,
458 3749 508 3810 vel
527 3747 745 3827 obsecrationi,
766 3751 816 3812 vel
866 3756 993 3832 exsolvi,
1022 3755 1082 3816 nisi
1109 3763 1220 3829 morte,
1248 3772 1312 3814 non
1339 3750 1444 3832 possit.
1473 3749 1634 3826 Memores,

64 3842 340 3924 llflshuiusstemffl
356 3841 560 3929 intommOdiS
583 3841 736 3920 Obn0113;
753 3862 815 3924 quo
866 3848 959 3910 sacris
982 3847 1060 3908 illud
1079 3846 1172 3908 rebus
1195 3844 1403 3919 adnumerari,
1433 3847 1463 3902 et
1495 3839 1635 3902 Ecclesiae

65 3935 172 4014 quidem
189 3936 351 4000 molimine
369 3953 406 3998 eo
427 3939 565 4016 spectant
584 3940 758 4013 novatores,
780 3942 816 3998 ut
866 3941 995 4022 proinde
1008 3939 1125 4018 subjici,
1143 3941 1329 4020 praestitutas
1347 3937 1385 3997 da
1405 3935 1470 4015 ipso
1498 3932 1636 4012 ejusdem

64 4031 168 4090 recedis
183 4030 319 4092 burnonis
333 4027 690 4110 institutioncbjaciantur
703 4027 817 4110 pande.
865 4033 1008 4095 Ecclesia
1022 4031 1106 4110 leges
1122 4032 1258 4094 habeant
1276 4029 1316 4093 ob
1336 4028 1451 4102 ocitlos,
1469 4025 1567 4106 iisque
1585 4044 1637 4107 pa.

65 4125 156 4198 menta,
171 4123 309 4204 illudque
329 4123 433 4201 ipsam
451 4120 582 4197 eveniat,
606 4120 689 4200 qaod
712 4121 815 4184 detes·
864 4130 1077 4200 reantsancte,
1096 4130 1308 4204 accirratequa,
1322 4140 1361 4182 ex
1374 4136 1509 4200 quarum
1525 4135 1635 4180 execu-

63 4212 816 4297 tatarCyprianus,ut,queedivinaresesthamma
864 4217 949 4280 tione
973 4218 1101 4280 omnino
1123 4217 1238 4298 pandet
1260 4215 1399 4295 ejusdem
1419 4210 1633 4288 connubiiris,

63 4300 109 4382 fiat
124 4305 260 4370 Ecclesia
275 4305 298 4368 ⁵.
329 4307 680 4388 Perpendantrer0,qui
691 4309 817 4372 consilia
865 4311 971 4388 robur,
983 4331 1018 4372 ac
1028 4311 1113 4391 justa
1127 4308 1322 4370 consociatio.
1339 4307 1482 4376 desecant,
1503 4322 1542 4363 nc
1553 4303 1636 4384 quod

63 4395 88 4456 id
99 4417 188 4478 genus
201 4400 431 4476 machinantur,
444 4400 500 4461 uni
515 4401 654 4462 Romano
676 4400 815 4462 Pontifici
865 4421 1024 4466 sacrorum
1042 4421 1200 4466 canonum
1221 4399 1350 4482 placitis,
1366 4395 1636 4475 Consiliorumque

64 4487 186 4554 Pontifici
213 4511 252 4554 cx
279 4495 312 4554 S.
333 4493 444 4560 Leonis
463 4492 641 4554 testimonio
666 4492 816 4558 Camenam
866 4496 994 4557 decretis
1007 4495 1130 4570 officiat,
1146 4487 1637 4570 alterationeadmittant,probe

63 4579 290 4663 dispensationum
309 4603 363 4648 esse
384 4583 526 4648 creditam
544 4585 700 4665 ipsiusque
728 4587 818 4648 dum·
866 4589 966 4668 gnari,
983 4589 1083 4650 exitus
1096 4588 1232 4650 infelices
1251 4586 1305 4646 illa
1325 4583 1469 4646 habitura
1483 4599 1548 4642 esse
1562 4599 1635 4642 con-

64 4677 134 4738 tuat
142 4695 215 4757 esse,
232 4695 298 4740 non
314 4677 508 4761 veroprirati
518 4677 663 4753 hominis,
679 4677 817 4762 deputer·
863 4681 962 4760 jugia,
978 4699 1049 4760 ques
1063 4681 1112 4742 rel
1126 4682 1274 4742 adversus
1286 4676 1428 4739 Ecclesiae
1443 4674 1637 4754 disciplinam

63 4783 153 4832 aarum
162 4769 630 4854 repulesaaactimcmquidpiam
639 4770 814 4850 decernere,
867 4774 993 4835 velnon
1016 4773 1181 4853 propitiato
1207 4772 1293 4852 prius
1311 4772 1385 4838 Deo,
1410 4767 1460 4828 vel
1482 4766 1546 4828 solo
1562 4770 1638 4826 astu

62 4864 141 4942 alque
168 4863 220 4938 ita,
252 4863 516 4943 quemadmodum
544 4862 649 4924 scribit
676 4865 708 4927 S.
731 4864 820 4926 Gela·
867 4859 1637 4946 libidinis,J'ungsntur,qaindesarramento,acde

63 4951 145 5032 daal,
159 4954 273 5018 decreta
287 4953 437 5018 Camenam
452 4953 575 5032 librare,
586 4953 820 5038 decessorumque
868 4958 1032 5038 mysteriis,
1049 4976 1119 5038 quae
1137 4957 1189 5019 illo
1210 4956 1431 5036 significantur,
1451 4953 1516 5014 ulla
1534 4955 1638 5012 teneat

59 5055 192 5130 mecepa
216 5047 330 5125 metiri,
354 5055 386 5112 at
404 5065 471 5132 qam
490 5051 638 5108 necessitas
658 5055 820 5130 temporum
868 5068 996 5132 sponsos
1010 5050 1165 5130 cogitatio.

90 5303 176 5358 icona
193 5303 254 5356 Plor.
274 5302 340 5355 Sca.
351 5301 393 5353 m.
409 5302 434 5353 ta
448 5299 533 5352 definit.
550 5301 610 5370 apud
620 5297 691 5356 labb.
703 5299 770 5354 Pom.
783 5302 815 5354 ts
897 5302 913 5352 t
931 5301 1001 5355 Gonc.
1017 5303 1080 5354 trid.
1097 5301 1158 5355 Susa.
1176 5300 1209 5352 ta
1222 5300 1273 5352 dcc.
1290 5299 1318 5350 de
1331 5295 1458 5350 Eucharist.
1474 5297 1498 5348 in
1512 5309 1594 5362 pram.

63 5376 100 5438 tal,
113 5379 165 5432 528.
180 5379 233 5432 edit.
248 5378 331 5432 tenet.
714 5400 719 5410 ·
899 5379 915 5428 5
933 5378 959 5430 S.
971 5378 1038 5444 Cypr.
1058 5378 1101 5444 Ep.
1118 5377 1160 5440 52,
1175 5377 1236 5428 Edit.
1255 5375 1332 5426 Briau

89 5451 142 5510 ib.
155 5455 246 5512 Hieron.
259 5453 304 5522 Ep.
321 5451 345 5504 2.
361 5451 480 5520 adNepot.
495 5467 509 5506 a
524 5453 548 5505 t.
567 5451 609 5510 m.
898 5453 914 5504 c
932 5453 957 5506 S.
974 5454 1076 5506 Gelasius
1088 5454 1137 5505 PP.
1152 5453 1175 5504 in
1190 5453 1233 5518 Ep.
1249 5452 1277 5504 ad
1292 5450 1398 5518 Episcop.
1410 5447 1523 5501 Lucania.

64 5528 209 5656 &Eitea
225 5533 270 5596 Ap.
287 5527 330 5588 38,
346 5529 414 5596 apud.
432 5525 504 5586 Labb.
520 5531 576 5582 lom.
595 5529 617 5580 t.
632 5541 684 5596 pag.
701 5527 742 5582 38.
754 5525 814 5580 Edit.
900 5530 913 5579 l
933 5530 965 5581 bd
980 5527 1048 5581 tlcbr.
1070 5529 1110 5580 15.
1122 5529 1146 5581 t.
