3992 6344
662 466 778 530 LIBER
799 467 969 532 TERTIUS
997 468 1132 531 etesi
1630 477 1690 538 638

115 631 218 712 Excipe
243 635 349 694 emen
379 637 487 694 votum
520 631 657 696 solemne
691 632 867 712 Religionis,
920 635 1124 715 disciplinam,
1146 641 1177 698 at
1197 637 1368 700 essentialia
1389 639 1556 719 Religionis
1575 643 1690 703 servari

115 724 190 805 quod
201 723 371 788 invalidum
380 731 426 786 est
439 731 511 788 ante
525 731 641 788 cartam
655 732 788 790 etatem.
920 733 1071 803 accurate,
1099 733 1129 789 et
1153 734 1259 790 tamen
1287 749 1351 792 non
1384 732 1428 794 ita
1460 737 1561 796 esset:
1590 735 1640 796 vel
1664 735 1690 796 si

152 822 171 851 ‘⁴
187 817 222 877 ll.
235 816 304 878 Non
318 816 435 896 obligat
448 824 557 880 votum
569 818 685 880 factum
699 820 872 881 cumsemi·
919 826 1045 882 voveret
1069 822 1351 901 peregrinationem
1383 824 1423 884 ad
1450 824 1559 887 limina
1589 828 1689 906 Apos-

112 909 196 988 plana
207 908 474 972 animadversione
487 909 537 972 vel
550 911 779 988 deliberatione,
795 932 825 974 v.
837 929 867 991 g.
880 955 885 966 ·
920 912 1067 990 talorum,
1090 918 1202 992 putans
1216 919 1337 975 tantum
1351 915 1464 978 distare
1482 923 1609 980 centum
1623 918 1692 980 rnil-

113 1019 147 1064 ex
167 1000 329 1080 repentino
354 1003 451 1064 animi
471 1007 560 1064 motu
574 1004 623 1064 vel
636 1004 868 1080 consuetudine,
920 1004 1058 1082 liaribus,
1088 1023 1160 1066 curn
1182 1011 1286 1068 temen
1306 1007 1456 1069 distarent
1477 1010 1629 1072 trecentis.
1659 1012 1690 1072 3.

111 1094 211 1173 lingua
235 1099 372 1154 mentem
385 1095 604 1175 preveniente,
632 1096 681 1158 vel
707 1115 745 1158 ex
771 1098 871 1160 calore
923 1094 1012 1157 cst-ca
1034 1115 1149 1158 causam
1172 1096 1306 1178 finalem,
1333 1100 1361 1160 si
1383 1102 1452 1179 quis
1468 1120 1497 1162 v.
1515 1119 1545 1181 g.
1565 1109 1692 1164 voveret

111 1185 270 1247 iracundiae
283 1186 411 1247 rationis
426 1205 518 1248 usum
540 1187 709 1266 auferente,
730 1191 867 1260 Azorius,
921 1188 1038 1266 aliquid
1047 1189 1080 1249 in
1094 1191 1266 1268 gratiarum
1286 1191 1406 1254 actione
1422 1211 1478 1272 pro
1492 1195 1622 1256 sanitate
1635 1213 1690 1274 pa-

111 1278 216 1340 Sanelr.
241 1279 419 1340 Trullench.
436 1278 456 1341 l.
481 1282 510 1341 3.
525 1300 552 1342 c.
569 1283 597 1344 i.
614 1279 644 1342 d.
668 1286 697 1344 l.
716 1301 746 1343 n.
764 1285 794 1343 3.
812 1283 872 1344 Ubi
921 1281 1001 1341 renti
1013 1281 1143 1358 reddita,
1155 1287 1186 1342 et
1199 1280 1225 1342 is
1234 1283 1334 1364 reipsa
1349 1302 1413 1345 non
1427 1284 1533 1346 inisset
1544 1293 1690 1366 aegrotus,

110 1375 202 1447 notat,
230 1389 296 1432 non
322 1389 389 1432 esse
412 1371 567 1435 sufficiens
594 1374 761 1451 indicium,
787 1376 871 1456 quod
921 1371 970 1432 val
991 1378 1069 1433 esset
1091 1379 1244 1435 mortuus.
1267 1377 1306 1435 Et
1319 1377 1398 1436 ratio
1414 1377 1565 1438 nullitatis
1580 1378 1691 1440 talium

109 1461 234 1524 defuerit
264 1463 398 1542 perfecta
431 1465 509 1526 ratio
542 1467 595 1528 vel
627 1465 819 1544 deliberatio,
845 1468 871 1528 si
921 1471 1066 1525 votorum
1079 1471 1135 1540 est,
1150 1466 1223 1544 quia
1237 1467 1286 1527 bie
1302 1467 1405 1529 delicit
1424 1468 1502 1530 liber
1513 1488 1690 1546 consensus,

109 1563 268 1616 voventem
290 1554 371 1617 facto
393 1562 475 1622 voto,
494 1576 569 1620 mox
592 1559 763 1638 poeniteat;
786 1561 871 1622 item
922 1557 976 1636 qui
998 1575 1060 1616 non
1081 1556 1180 1618 fertur
1200 1558 1233 1618 in
1256 1558 1475 1638 incognitum:
1499 1568 1530 1622 et
1553 1567 1599 1624 est
1628 1567 1693 1623 tam

109 1653 226 1710 matum
251 1649 306 1709 ire
330 1667 413 1726 raro,
440 1655 470 1711 et
487 1651 540 1712 vix
560 1669 701 1732 unquam
723 1653 871 1733 impedire
922 1648 1113 1710 contrarium
1134 1653 1308 1730 consensui,
1329 1671 1423 1732 quam
1444 1655 1544 1716 errori
1559 1654 1627 1716 Fill.
1651 1663 1691 1716 tr.

109 1759 196 1802 usum
207 1740 347 1802 rationis.
922 1743 972 1803 26.
989 1759 1014 1802 o.
1033 1745 1062 1803 l.

147 1836 167 1866 “
184 1833 236 1896 lll.
254 1833 342 1908 Quod
357 1832 431 1908 siis,
449 1835 502 1915 qui
516 1837 572 1896 soit
585 1853 618 1898 se
637 1838 766 1908 vovisse,
782 1837 871 1900 dubi·
965 1838 985 1868 ‘⁶
1008 1835 1075 1896 Vll.
1099 1837 1189 1914 Vota,
1211 1855 1281 1916 quae
1304 1837 1439 1898 eduntur
1462 1844 1531 1918 post
1557 1839 1693 1900 Novitia-

107 1931 157 2004 tat,
180 1945 222 1988 an
245 1944 318 1988 cum
340 1925 503 1990 sufficienti
529 1929 748 1992 deliberatione
771 1937 801 1993 et
814 1950 872 1994 usu
924 1935 989 1988 tum
1003 1928 1037 1988 in
1051 1946 1248 2007 quocumque
1268 1929 1577 2009 approbamerdina,
1598 1931 1695 1992 iustis

106 2019 230 2080 rationis
253 2019 293 2080 ob
316 2019 469 2082 deiectum
483 2021 593 2100 aetatis,
616 2023 768 2101 siquidem
788 2025 872 2084 vovit
922 2021 1115 2082 Matrimonii
1128 2022 1269 2094 earnalis,
1284 2041 1348 2082 non
1362 2029 1435 2084 sunt
1444 2024 1530 2084 irrita
1540 2024 1580 2084 ob
1595 2024 1694 2084 ullum

107 2124 174 2174 ante
199 2111 409 2192 septennium,
438 2119 547 2174 votum
570 2133 634 2175 non
659 2115 784 2194 obligat,
811 2117 869 2178 nisi
922 2131 1069 2188 errorem,
1088 2114 1148 2174 nisi
1162 2114 1263 2175 solum
1279 2114 1511 2178 substantialem
1526 2117 1607 2179 eirca
1620 2115 1693 2177 sub·

107 2209 224 2266 constet
242 2204 280 2266 de
299 2203 465 2267 sufficienti
486 2205 615 2268 rationis
636 2226 706 2280 usu,
721 2209 793 2288 quia
816 2209 868 2288 Jus
921 2206 1076 2266 stantiam.

105 2296 138 2356 in
151 2297 207 2358 tali
228 2315 293 2358 non
311 2299 481 2377 praesumit,
507 2305 539 2360 et
557 2300 706 2380 possessio
729 2307 788 2362 stat
811 2321 868 2381 pro
963 2299 984 2330 “
1007 2298 1089 2358 VIll.
1115 2299 1148 2360 Si
1168 2318 1255 2360 error
1279 2299 1359 2360 eirca
1385 2298 1596 2360 conditionem
1621 2300 1693 2360 sub·
1736 2293 1738 2297 ⁴

106 2388 256 2451 libertate.
269 2389 302 2450 Si
315 2397 465 2471 veropost
477 2394 674 2472 septennium
688 2396 782 2463 vovit,
792 2395 870 2456 obli.
921 2389 1097 2452 stantialem
1111 2391 1149 2452 sit
1161 2392 1198 2454 de
1213 2410 1247 2454 re
1260 2393 1349 2472 parvi
1363 2390 1527 2467 momenti,
1544 2409 1608 2452 non
1626 2393 1695 2454 red-

105 2487 173 2560 gat;
189 2481 266 2562 quia
279 2484 430 2562 possessio
440 2489 486 2544 est
499 2501 555 2563 pro
567 2490 651 2554 voto,
669 2503 742 2547 eum
755 2505 869 2567 praesu-
921 2481 1004 2542 ditur
1016 2487 1125 2542 votum
1139 2483 1263 2545 irritum
1280 2503 1287 2545 :
1305 2489 1341 2544 ut
1353 2483 1378 2544 si
1394 2483 1453 2544 iter
1471 2483 1693 2563 peregrinatio-

104 2580 206 2636 matur
224 2591 299 2640 usus
317 2574 457 2651 rationis,
477 2577 538 2638 nisi
552 2583 670 2640 constet
682 2579 868 2658 oppositum.
922 2572 980 2650 nis,
997 2592 1092 2652 quam
1106 2575 1175 2656 quis
1188 2575 1285 2652 vovit,
1299 2576 1337 2636 sit
1354 2575 1448 2655 paulo
1466 2575 1693 2656 longiusquam

105 2665 137 2726 Si
157 2667 293 2746 denique
307 2667 427 2729 dubitet
440 2673 547 2729 utrum
561 2675 643 2743 ante,
665 2689 706 2732 an
720 2678 790 2750 post
802 2691 869 2753 sep.
921 2666 1099 2744 putabatur,
1114 2668 1186 2746 qnia
1205 2685 1317 2747 parum
1335 2673 1497 2746 reputatur
1511 2669 1690 2746 pronihilo.

103 2758 245 2820 tenuium
266 2761 394 2834 voverit,
420 2762 521 2822 teneri
533 2770 606 2822 voto
619 2763 687 2824 vult
710 2765 821 2828 Sanalr.
838 2772 869 2827 et
921 2759 997 2820 ltem
1012 2759 1037 2820 si
1051 2777 1138 2820 error
1151 2761 1190 2820 sit
1207 2765 1329 2822 tantum
1345 2761 1426 2820 cuca
1442 2777 1565 2820 causam
1579 2761 1694 2841 impul-

104 2850 233 2913 Palaus:
250 2858 343 2932 negat
356 2853 465 2915 biano.
921 2850 1027 2924 sivam,
1044 2852 1126 2913 valet
1136 2853 1340 2932 votum,quia
1350 2852 1403 2912 illa
1414 2859 1460 2913 est
1472 2857 1593 2913 tantum
1603 2872 1695 2916 eausa

142 2947 163 2978 ‘⁶
180 2945 234 3006 lv.
256 2947 338 3006 Vota
361 2945 441 3007 faeta
458 2946 660 3016 inebrietate,
686 2946 781 3009 etiam
799 2955 870 3012 ante
921 2944 1112 3018 secundaria,
1129 2961 1190 3023 qua
1204 2945 1337 3024 seposita
1350 2952 1437 3005 actus
1450 2949 1497 3005 est
1508 2944 1695 3008 sufficienter

102 3038 242 3114 praevisa,
257 3042 288 3098 et
302 3039 344 3098 sic
358 3038 867 3117 volitoincausanonsuntvalida,
921 3035 1113 3097 voluntarius
1134 3038 1307 3099 seeundum
1341 3037 1555 3098 substantiam.
1587 3039 1694 3118 Neque

101 3145 170 3189 eum
198 3147 264 3190 non
290 3129 352 3190 sint
377 3130 470 3192 volita
499 3131 533 3191 in
555 3131 662 3211 seipsis
684 3138 716 3193 et
742 3134 867 3214 directe,
919 3126 988 3187 talis
1022 3145 1109 3188 error
1142 3129 1175 3188 in
1210 3129 1320 3191 ceteris
1354 3129 1561 3191 contractibus
1588 3138 1694 3192 actum

101 3217 221 3281 bonum
246 3225 351 3282 autem
364 3238 430 3282 non
444 3224 602 3302 consurgit
618 3223 678 3284 nisi
698 3243 737 3286 ax
749 3221 886 3303 integra
919 3219 1025 3295 vitiat3
1048 3239 1078 3281 v.
1104 3238 1135 3299 g.
1164 3221 1249 3283 vovit
1275 3220 1386 3300 aliquis
1413 3223 1694 3302 peregrinationem

101 3329 207 3390 eausa,
228 3313 371 3392 quamvis
383 3313 421 3374 ad
436 3320 597 3393 peecatum
610 3315 682 3376 satis
700 3316 739 3376 sit
759 3317 870 3380 volun·
919 3312 1066 3386 Romam,
1082 3313 1184 3374 studio
1196 3312 1319 3374 colendi
1334 3314 1443 3386 Deam,
1453 3319 1485 3376 et
1497 3313 1591 3375 simul
1597 3316 1692 3378 etiam

100 3405 216 3466 tarium
236 3405 385 3466 indirecte
413 3411 445 3466 et
468 3406 501 3466 in
529 3425 631 3484 eausa,
656 3409 764 3488 Lapm.
790 3409 811 3472 1.
837 3415 868 3474 4.
918 3403 1027 3464 habuit
1047 3423 1173 3466 eausam
1194 3405 1409 3466 secamdariam
1425 3405 1636 3486 impulsivam,
1660 3415 1694 3470 ut

101 3501 140 3558 tr.
155 3501 186 3574 4,
204 3517 231 3558 e.
247 3501 276 3558 l.
290 3517 320 3561 n.
337 3501 366 3558 4.
919 3497 1065 3559 inviseret
1081 3497 1221 3574 fratrem,
1238 3517 1332 3578 quem
1349 3499 1470 3578 putavit
1483 3517 1548 3560 esse
1561 3501 1691 3578 Romaa;

137 3589 175 3652 V.
191 3591 275 3651 Vota
294 3590 373 3652 iacta
390 3591 424 3652 in
442 3597 528 3652 metu
542 3609 607 3652 non
620 3591 743 3654 incusso
757 3593 796 3654 ad
812 3595 872 3656 hoc
919 3605 1014 3667 quam
1028 3589 1085 3650 etsi
1099 3591 1250 3668 intelligat
1263 3591 1374 3652 deinde
1388 3592 1456 3653 istie
1467 3611 1616 3667 nanesse,
1629 3613 1693 3656 non

96 3679 213 3760 ipsum,
224 3687 259 3742 ut
272 3689 380 3744 votum
394 3689 640 3762 extorqueretur,
656 3684 759 3746 valida
777 3692 868 3762 snnt;
920 3679 989 3741 ideo
1008 3682 1120 3742 desinit
1144 3683 1276 3762 obligari
1297 3689 1381 3744 voto.
1410 3686 1451 3744 Et
1471 3701 1508 3746 ex
1523 3685 1572 3746 his
1595 3693 1690 3766 patet,

97 3774 169 3852 quia
182 3780 256 3836 eunt
265 3775 444 3854 simpliciter
454 3775 678 3850 voluntaria,et
687 3776 868 3840 deliberata:
920 3773 1076 3852 quomodo
1092 3774 1330 3853 intelligendum
1348 3775 1398 3850 sil,
1418 3777 1503 3855 quod
1526 3777 1586 3838 diei
1603 3779 1691 3856 solet,

97 3863 177 3928 saeta
191 3872 298 3928 autem
309 3867 341 3928 in
356 3873 443 3929 metu
457 3867 570 3947 injuste
584 3868 707 3929 incusso
716 3868 757 3929 ad
768 3870 871 3950 ipsum
919 3870 991 3925 vota
1005 3883 1070 3926 non
1084 3865 1222 3944 obligare
1235 3865 1318 3926 ultra
1327 3867 1532 3929 intentionem
1541 3871 1690 3940 voventis,

98 3963 208 4020 votum
226 3960 486 4038 extorquendum,
502 3961 638 4022 invalida
655 3966 729 4022 sunt
745 3981 783 4023 ear
794 3981 870 4024 com·
922 3957 1037 4018 Sanan.
1053 3956 1075 4018 l.
1091 3962 1121 4019 l.
1138 3977 1163 4019 a.
1179 3959 1209 4020 2.
1225 3960 1314 4020 Less.
1329 3959 1351 4020 t.
1364 3961 1394 4020 2.
1407 3979 1433 4022 a.
1449 3962 1499 4022 lt).
1515 3959 1545 4022 d.
1561 3963 1592 4022 R.

97 4053 185 4112 muni
194 4071 208 4128 ,·
221 4071 286 4113 non
295 4054 369 4132 quia
382 4071 447 4114 non
461 4055 523 4114 sint
533 4054 718 4129 voluntaria,
736 4055 789 4116 sed
799 4056 872 4135 quia
963 4053 984 4083 “
1008 4050 1059 4111 lX.
1081 4051 1129 4111 Ad
1144 4060 1252 4112 votum
1265 4069 1331 4112 non
1350 4051 1462 4114 sufficit
1479 4053 1600 4115 nudum
1621 4073 1692 4134 pro-

96 4143 148 4204 vel
161 4145 179 4206 J
182 4163 221 4206 us
234 4163 271 4207 ea
284 4145 395 4217 irritat,
409 4145 459 4208 vel
472 4146 576 4207 DEUS
591 4164 657 4206 non
669 4153 815 4227 acceptat,
831 4167 871 4209 ne
920 4142 1068 4222 positum,
1082 4142 1155 4204 licet
1169 4143 1396 4222 firmissimum,
1415 4145 1489 4224 quia
1505 4147 1559 4225 qui
1570 4153 1693 4210 tannim

97 4236 151 4297 det
171 4237 375 4316 viminiustae
389 4238 556 4316 coactioni3
570 4239 673 4318 idque,
691 4239 753 4300 sive
769 4245 871 4302 metus
921 4234 1091 4314 proposuit,
1120 4253 1184 4296 non
1210 4241 1334 4296 tenetur
1363 4237 1420 4297 sub
1454 4243 1578 4318 peceato
1612 4257 1691 4319 prec-

96 4328 137 4388 sit
144 4330 259 4409 gravis,
275 4330 339 4392 sive
351 4330 445 4406 levis;
462 4331 632 4391 dummodo
644 4331 714 4410 quis
731 4332 868 4394 formali-
921 4333 1025 4390 stare:
1052 4327 1109 4406 qui
1135 4333 1240 4388 aulem
1267 4329 1419 4408 promisit,
1455 4330 1609 4410 obligatur
1635 4333 1692 4394 sub

94 4427 144 4482 ter
159 4439 200 4482 ex
212 4421 277 4483 solo
291 4423 346 4482 tali
359 4427 445 4484 metu
461 4427 582 4484 voveat.
602 4423 691 4484 Suar.
712 4423 755 4486 Ile
770 4433 833 4487 vato
847 4425 867 4489 l.
922 4425 1067 4500 peccato:
1098 4425 1129 4480 et
1146 4419 1359 4500 nisi‘praestet,
1385 4423 1449 4500 agit
1467 4429 1573 4484 eontra
1598 4424 1692 4488 fidem

95 4533 121 4576 a.
139 4518 171 4577 8.
190 4513 304 4574 Saneh.
320 4514 387 4576 Fill.
405 4519 447 4576 tr.
462 4515 511 4575 26.
528 4532 592 4595 cop.
607 4517 636 4576 l.
922 4513 985 4575 Deo
1007 4512 1122 4574 datam.
1146 4513 1260 4574 Bonae
1283 4520 1352 4576 tom.
1369 4515 1399 4576 i.
1420 4512 1451 4576 d.
1470 4518 1500 4576 i.
1517 4535 1550 4600 q.
1566 4517 1596 4578 i.
1611 4537 1644 4599 p.
1661 4521 1691 4581 l.

140 4609 161 4640 ‘⁶
186 4607 237 4670 Vl.
253 4606 359 4681 Quoad
368 4611 439 4668 vota
451 4607 562 4668 emissa
575 4625 614 4668 ex
626 4625 741 4686 errore,
749 4609 775 4670 ai
784 4627 872 4674 error
921 4607 1028 4686 Laym.
1046 4603 1066 4666 1.
1082 4623 1108 4666 a.

95 4697 290 4760 fucritairea
312 4699 517 4760 substantiam
537 4699 675 4760 materia
698 4703 868 4781 promissae,
963 4702 983 4732 ‘⁸
1006 4699 1048 4759 X.
1071 4697 1118 4760 Ad
1137 4701 1246 4758 votum
1263 4697 1552 4778 aliquandosufficit
1565 4702 1694 4781 promis-

96 4791 146 4852 vel
156 4791 239 4853 eirea
251 4791 461 4853 mnditionem
479 4791 723 4866 substantialem,
735 4795 785 4856 vel
792 4796 871 4858 circa
920 4790 965 4852 sio
976 4790 1135 4870 implicite,
1151 4796 1187 4851 ut
1200 4795 1285 4870 patet
1297 4791 1330 4851 in
1343 4791 1534 4872 susceptione
1542 4781 1709 4855 Ordinum'

95 4884 197 4946 finem
215 4885 278 4946 sive
296 4884 449 4945 rationem
469 4883 643 4960 formalem,
662 4904 698 4947 ae
717 4889 871 4950 motivum
919 4901 1100 4944 sacrorum:
1123 4883 1178 4944 ubi
1191 4883 1262 4944 lieet
1281 4901 1346 4944 non
1373 4882 1503 4958 dicatur,
1529 4903 1622 4959 voveo,
1643 4887 1692 4948 vel

95 4977 242 5052 vovendi,
258 4982 367 5037 votum
380 4976 503 5037 nullum
526 4983 573 5038 est
589 4997 597 5038 ε
613 4995 644 5039 v.
658 4995 689 5056 g.
704 4977 791 5040 Circa
805 4981 871 5042 nct-
916 4976 1062 5054 promr'tto
1076 4975 1250 5052 castitatem,
1265 4981 1375 5036 votum
1388 4981 1494 5036 teman
1508 4975 1567 5037 hoe
1581 4977 1617 5037 lit
1629 4978 1690 5040 im-

94 5069 265 5146 atanta‘om,·
290 5069 316 5129 si
343 5069 413 5148 quis
442 5076 569 5131 voveret
589 5076 709 5131 certum
735 5072 871 5152 aliquem
919 5068 1021 5148 plicita
1029 5067 1090 5129 hoc
1107 5068 1185 5148 ipso,
1202 5068 1398 5146 quodeciens
1412 5068 1576 5129 Ecclesiam
1590 5087 1690 5133 anne-

94 5175 195 5220 suum
215 5155 351 5228 rabaam,
366 5175 461 5238 quem
478 5163 567 5238 putet
586 5167 779 5237 argenteum,
798 5180 871 5224 cum
919 5161 998 5222 uisse
1013 5161 1051 5222 iis
1063 5160 1228 5222 Ordinibus
1241 5161 1323 5221 istud
1341 5165 1461 5237 votum,
1481 5178 1533 5222 eos
1545 5165 1689 5242 suscepit.

94 5251 274 5327 sitaureus,
289 5250 382 5312 velse
398 5251 610 5329 ingressurum
623 5257 742 5312 eertum
752 5253 872 5316 Monae-
918 5256 969 5315 An
988 5271 1074 5330 vero,
1099 5253 1125 5314 si
1145 5253 1214 5334 quis
1235 5252 1327 5333 plane
1347 5253 1379 5313 id
1397 5254 1564 5328 ignoraret,
1590 5256 1691 5320 adhuc

93 5343 225 5418 terium,
238 5348 428 5423 putansesse
442 5343 564 5404 Ordinis
578 5343 611 5403 S.
624 5344 871 5420 Benedicti,eum
919 5352 1095 5407 censeretur
1121 5363 1233 5407 vovere
1258 5365 1297 5406 ex
1320 5345 1472 5424 implicita
1505 5346 1689 5425 intentione,

94 5434 137 5496 sit
164 5435 450 5498 Carthasianorum.
485 5435 514 5496 2.
552 5435 641 5497 Circa
675 5435 869 5500 conditionem
919 5438 1050 5500 dubium
1060 5443 1130 5498 est:
1161 5436 1259 5514 aliqui
1278 5436 1376 5510 aiunt,
1392 5437 1488 5516 aliqui
1503 5438 1690 5516 probabilius

93 5524 322 5590 substantialem
334 5547 341 5587 ι
352 5528 378 5586 si
391 5526 471 5607 quis,
482 5545 512 5586 v.
527 5545 558 5606 g.
574 5533 738 5588 voveretse
751 5529 868 5608 ingres·
918 5536 1034 5609 negant
1050 5550 1057 5590 :
1074 5530 1239 5608 dicuntque
1253 5528 1348 5589 talem
1358 5529 1458 5590 teneri
1471 5529 1687 5595 adoastitatem

92 5636 209 5680 surum
231 5619 463 5694 monasterium,
484 5617 537 5678 ubi
552 5624 676 5699 putaret
693 5618 868 5700 religiosam
918 5641 1028 5684 nonen
1039 5621 1183 5698 voto,sed
1194 5621 1381 5683 erEoclesiaa
1395 5623 1683 5703 praecaptusanoh.
