3938 6338
321 421 381 482 466
857 424 892 484 P.
915 421 1106 484 STEPHANI
1132 419 1183 482 DE
1203 419 1360 482 GHAMPS

320 590 415 650 tentia
429 590 462 650 in
471 591 501 650 4.
517 592 547 651 4.
560 591 638 671 disp.
654 592 684 653 5.
694 610 725 674 q.
737 597 767 654 7.
783 597 890 672 00004.
907 593 938 652 4.
954 591 1090 652 Sancbez
1136 607 1255 670 peeceue
1267 589 1362 670 jueta
1385 590 1521 652 materiae
1543 589 1731 672 quatr'totern.
1757 589 1835 663 Quod
1852 611 1876 654 en

320 683 342 742 1.
360 685 389 742 4.
407 683 441 742 in
463 684 537 744 Dec.
554 702 580 744 c.
597 686 626 744 0.
643 705 675 748 0.
693 689 743 746 44.
766 687 927 746 Tannerns
948 684 981 745 in
1004 685 1034 743 4.
1058 685 1088 743 4.
1139 682 1276 760 generali
1298 683 1448 762 principio
1468 684 1535 762 jam
1562 682 1672 762 saepius
1692 681 1829 758 indicato,
1849 683 1877 746 ita

320 774 398 854 disp.
416 777 446 836 4.
460 794 491 855 q.
508 779 537 836 4.
553 776 626 838 dub.
645 779 675 838 6.
693 779 761 838 448.
781 780 934 838 Beoamus
952 777 985 836 in
1001 776 1089 836 Sum·
1140 776 1281 834 Bccnnus
1300 775 1424 836 deducit
1437 775 1471 836 in
1490 777 1619 837 Summa
1636 778 1767 854 000404.
1783 793 1808 835 0.
1822 777 1874 856 40.

320 884 382 934 me,
404 873 490 946 parte
511 869 541 940 4,
562 874 650 930 tract.
676 875 706 931 4.
730 890 757 931 0.
774 873 803 930 4.
820 890 850 948 q.
867 872 897 930 9.
914 889 948 929 0.
970 871 1018 928 44.
1036 869 1090 928 Co·
1138 868 1167 938 0,
1182 885 1216 926 0.
1239 869 1287 926 44.
1312 866 1413 928 Tertio
1428 867 1569 948 sequetur,
1586 873 1794 947 praeceptorem
1810 870 1876 930 teneri

321 959 426 1019 ninch.
453 959 490 1020 de
514 961 704 1023 Sacrament.
726 964 804 1042 disp.
828 964 881 1022 34.
898 961 973 1021 dub.
991 962 1038 1020 40.
1054 979 1086 1020 0.
1139 955 1415 1032 doeeresententias,
1430 959 1604 1041 quaeeredit
1618 977 1676 1020 esse
1683 957 1876 1040 probabiliores,

321 1053 370 1110 94.
396 1051 538 1112 6000040
561 1052 595 1113 40
613 1059 643 1114 4.
669 1057 698 1114 4.
723 1056 866 1115 Controv.
893 1056 941 1114 44.
964 1053 1041 1132 disp.
1056 1054 1086 1112 4.
1139 1058 1166 1110 et
1179 1049 1319 1112 adbibere
1331 1051 1472 1113 moralem
1486 1050 1685 1132 dilipentiam,
1703 1059 1738 1110 ut
1755 1055 1877 1114 ueritatem

319 1147 392 1202 sect.
405 1145 434 1201 4.
451 1161 540 1204 num.
552 1146 601 1205 30.
618 1146 703 1206 Salas
717 1147 750 1206 40
764 1149 792 1208 4.
812 1149 842 1207 4.
859 1151 948 1205 tract.
965 1146 994 1204 8.
1008 1144 1086 1218 disp.
1137 1149 1308 1223 assequatur
1325 1144 1416 1224 :quia
1428 1143 1568 1225 alioquin
1578 1143 1803 1224 enjure'amtaeit
1814 1143 1878 1206 dem·

319 1234 412 1294 unica
425 1241 499 1295 0004.
511 1238 559 1296 44.
575 1257 608 1298 n.
628 1241 696 1299 446.
712 1239 870 1299 Filliueius
884 1242 972 1297 tract.
989 1237 1038 1296 44.
1055 1236 1089 1295 in
1136 1235 1225 1314 pulr's.
1254 1235 1340 1297 Idem
1367 1236 1476 1297 asserit
1503 1237 1661 1297 Filliucius
1687 1241 1768 1296 40004
1797 1240 1837 1298 44.
1855 1238 1879 1298 in

320 1327 392 1387 Deo.
408 1345 435 1387 c.
448 1330 479 1388 4.
495 1347 528 1388 n.
546 1332 614 1390 444.
631 1331 794 1410 Laymann
815 1335 904 1391 tract.
921 1334 950 1390 4.
967 1347 993 1388 c.
1011 1328 1040 1388 5.
1057 1327 1085 1406 ἓ.
1138 1328 1210 1394 Dec.
1229 1346 1254 1389 0.
1271 1331 1301 1388 4.
1318 1347 1350 1390 0.
1367 1331 1436 1390 448.
1454 1328 1612 1390 Buldellus
1625 1330 1646 1388 4.
1666 1331 1694 1390 4.
1714 1329 1789 1408 disp.
1804 1332 1842 1390 43.
1854 1349 1876 1392 0

318 1420 348 1479 3.
365 1437 396 1478 n.
414 1421 462 1478 46.
479 1421 665 1498 Reginaldus
678 1423 711 1482 in
723 1423 811 1501 praxi
825 1421 885 1481 4004
898 1420 1023 1500 000444.
1037 1422 1085 1480 43.
1138 1423 1168 1480 4.
1185 1422 1345 1481 Bresserus
1358 1421 1380 1481 l.
1396 1424 1424 1482 3.
1443 1421 1481 1482 40
1495 1421 1667 1482 4400004004.
1686 1439 1710 1482 0.
1729 1424 1776 1483 48.
1790 1441 1817 1482 n.
1827 1425 1877 1485 449.

319 1529 346 1570 0.
364 1512 413 1570 40.
428 1517 501 1571 0004.
519 1515 548 1574 4.
565 1533 597 1573 n.
614 1516 663 1574 99.
682 1515 846 1575 Gordonus
858 1513 913 1573 lib.
927 1517 956 1573 4.
968 1531 997 1590 q.
1010 1515 1040 1573 9.
1052 1531 1085 1572 0.
1139 1513 1303 1572 Gordonus
1317 1512 1339 1573 l.
1360 1515 1388 1573 4.
1409 1531 1440 1591 q.
1460 1515 1490 1573 9.
1516 1532 1547 1573 0.
1571 1515 1619 1573 30.
1648 1514 1757 1592 Neque
1770 1513 1881 1576 dissentit

318 1604 367 1663 34.
383 1602 488 1664 Castro
504 1605 624 1666 Palaot.
639 1609 651 1667 4
666 1607 744 1687 disp.
756 1608 804 1666 44.
821 1608 993 1687 00004040.
1008 1623 1040 1664 0.
1055 1605 1085 1665 4.
1138 1605 1284 1676 Sanchez,
1310 1624 1381 1666 eum
1405 1606 1426 1666 l.
1444 1609 1473 1666 4.
1489 1606 1523 1666 in
1537 1606 1607 1666 Dee.
1622 1625 1647 1666 c.
1666 1606 1696 1665 9.
1713 1625 1747 1665 0.
1771 1608 1813 1667 46.
1830 1613 1881 1685 post

318 1692 444 1755 Amicus
457 1697 529 1757 404.
546 1699 576 1758 4.
588 1699 667 1778 disp.
681 1701 730 1760 45.
745 1705 819 1760 sect.
833 1703 863 1760 4.
878 1718 910 1758 n.
923 1699 959 1760 81
969 1696 1089 1757 Baldel-
1138 1696 1240 1756 Salam
1262 1698 1316 1772 ait,
1340 1697 1542 1777 Praeeptoree
1553 1715 1627 1778 sape
1643 1700 1805 1777 opinionem
1819 1717 1881 1760 man

317 1785 366 1847 lus
376 1787 397 1846 l.
413 1790 442 1848 4.
459 1788 538 1869 disp.
555 1791 604 1852 45.
621 1811 653 1853 n.
671 1793 701 1852 8.
716 1791 910 1853 Bresserusl.
924 1790 1090 1866 4dceons-
1136 1787 1316 1866 imputarem
1329 1797 1423 1850 tacere
1436 1788 1592 1864 deberem
1604 1808 1671 1849 oum
1681 1789 1804 1850 aliorum
1816 1808 1880 1852 uon·

318 1878 430 1940 aientia
449 1899 516 1961 000.
535 1885 745 1963 4440000000
759 1885 797 1944 40
806 1882 969 1961 Regimine
985 1882 1087 1942 Chris·
1136 1877 1201 1939 cloto
1215 1879 1250 1940 ab
1264 1881 1400 1961 opinione
1421 1882 1615 1942 communiter
1637 1890 1753 1962 recepta
1778 1881 1880 1944 devient.
1951 1875 1953 1944 l

318 1971 409 2030 440000
424 1973 599 2052 reipublicae
615 1979 725 2055 part4.
742 1977 763 2036 l.
778 1979 808 2037 4.
820 1977 897 2055 4400.
909 1976 957 2034 40.
970 1975 1084 2034 0498.
1137 1973 1216 2032 Num
1230 1974 1377 2034 continuo
1390 1974 1560 2053 subjungit,
1574 1976 1881 2054 cospeecare,qnando
1951 1947 1953 2056 Ι

317 2063 467 2124 Martinus
488 2066 578 2127 Percu
601 2069 639 2128 40
662 2069 769 2148 poenit.
790 2068 868 2148 disp.
891 2069 940 2128 33.
967 2073 1039 2127 0004.
1055 2069 1085 2127 4.
1137 2063 1251 2143 absque
1265 2065 1328 2125 0440
1342 2084 1446 2138 000000
1457 2065 1541 2144 justa
1554 2073 1731 2140 excusante,
1744 2068 1883 2128 sententias
1952 2065 1953 2092 l

318 2153 511 2218 Palavicinus
524 2158 559 2219 in
573 2165 603 2220 4.
618 2164 648 2221 4.
669 2161 747 2239 disp.
765 2161 794 2220 5.
811 2163 919 2239 quaest.
935 2162 965 2219 4.
980 2164 1038 2220 art.
1055 2161 1085 2220 4.
1136 2155 1203 2216 illas
1230 2157 1351 2232 docent,
1377 2175 1454 2237 quas
1481 2159 1585 2218 minus
1611 2158 1786 2239 probabiles
1815 2159 1882 2220 orbi·
1951 2097 1953 2214 l

317 2245 431 2327 aliique
445 2249 584 2328 plsuimi.
1135 2253 1268 2308 4000400.
1952 2301 1953 2304 ,

350 2341 453 2400 Το0440
466 2344 608 2404 eamdem
622 2344 799 2424 opinionem
807 2350 948 2424 respectu
956 2343 1088 2404 Medico·
1180 2341 1268 2402 Vides
1277 2360 1371 2422 quam
1385 2343 1525 2423 impense
1538 2344 1708 2406 doctissimi
1715 2363 1830 2424 quoque
1840 2344 1883 2405 So-
1951 2319 1953 2402 l

316 2449 389 2492 00ιο
402 2432 510 2494 salsam
524 2453 589 2496 esse
603 2437 785 2497 docuerunt.
795 2438 873 2497 Nam
888 2437 925 2496 de
940 2434 999 2495 illis
1013 2453 1087 2514 quo·
1136 2433 1252 2498 04040440
1264 2440 1378 2496 nostrae
1392 2436 1571 2515 Scriptores
1590 2437 1669 2497 4000
1688 2439 1808 2514 Suarez,
1822 2457 1885 2501 oann-
1951 2455 1953 2514 ζ

317 2527 498 2604 queSuarez
511 2529 656 2606 agiteum
670 2534 758 2590 40004.
772 2529 928 2590 3.in4.4.
944 2529 1083 2607 disp.44.
1135 2544 1264 2588 munem
1277 2527 1364 2588 illam
1374 2529 1411 2588 de
1429 2529 1575 2608 opinione
1589 2528 1697 2591 minus
1709 2535 1787 2602 4040,
1801 2537 1829 2592 04
1843 2533 1885 2592 nni
1952 2547 1953 2578 t

315 2623 388 2678 0004.
408 2622 437 2679 6.
452 2620 568 2693 statuit,
589 2620 772 2700 plerumque
790 2640 828 2682 ex
843 2621 972 2700 justitie,
985 2621 1034 2681 vel
1047 2639 1087 2682 ex
1135 2637 1194 2679 nus
1220 2620 1373 2698 probabili
1395 2623 1591 2698 sententiam,
1621 2640 1718 2702 quam
1741 2623 1774 2684 in
1795 2624 1886 2689 scholis

316 2709 464 2772 charitate
481 2715 575 2774 teneri
592 2712 735 2775 bominem
750 2712 899 2794 praeferre
922 2713 1083 2793 opinionem
1135 2719 1318 2789 regnantem
1338 2713 1534 2786 invenerant,
1558 2733 1595 2775 ea
1629 2721 1717 2794 parte
1752 2717 1887 2777 moderari

317 2810 424 2862 certam
435 2804 599 2884 probabili,
618 2815 646 2868 et
664 2805 889 2888 probabiliorem
909 2806 1007 2864 minus
1018 2824 1087 2885 pro-
1136 2804 1321 2879 studuerint,
1345 2823 1479 2884 quaeres
1502 2806 1595 2886 ipsae,
1609 2812 1639 2866 04
1652 2807 1803 2868 damnum
1816 2809 1887 2869 exiis

319 2892 420 2968 babiti,
441 2898 581 2977 Vasquez
594 2918 667 2960 voro
682 2900 715 2960 in
728 2905 757 2961 4.
773 2903 803 2960 4.
818 2898 896 2976 disp.
908 2899 958 2957 64.
967 2915 993 2958 0.
1010 2900 1040 2957 4.
1050 2916 1082 2957 0.
1136 2901 1245 2957 natum
1259 2897 1391 2977 respicit.
1409 2899 1554 2977 Superest
1568 2899 1672 2972 modo,
1684 2905 1720 2960 04
1734 2901 1886 2976 00400400,
1952 2895 1953 2934 ³

317 2988 368 3046 43.
384 2988 428 3046 044
441 3007 449 3048 :
463 2987 500 3049 tn
513 2990 730 3051 barreseroore
747 2989 829 3051 debet
849 2989 980 3050 Medicus
1001 3007 1087 3068 repu-
1135 2989 1363 3050 Societatibesu
1385 2991 1612 3070 propemodum
1632 2992 1791 3071 singulam
1811 2992 1888 3054 brisso

319 3077 392 3155 tam,
408 3099 496 3161 quom
510 3081 644 3143 dr'aimus
657 3081 1096 3162 aMinietroSoeramemorum·
1134 3081 1265 3142 eandem
1279 3083 1475 3155 sententiam,
1492 3089 1646 3162 quatenus
1658 3085 1786 3163 praecise
1797 3085 1843 3164 jus
1851 3085 1888 3164 ip-
1951 3089 1953 3096 ’

317 3172 488 3233 seruandam
517 3193 583 3248 esse,
613 3184 645 3235 ut
667 3195 725 3235 non
759 3180 900 3255 sequatur
921 3174 1085 3254 opinionem
1134 3190 1214 3248 sum,
1237 3192 1273 3233 00
1291 3180 1481 3253 praeseptum
1508 3180 1633 3253 spectat,
1663 3177 1788 3254 0004400
1806 3196 1888 3257 0000-

315 3263 500 3342 probabilem
525 3266 685 3328 dumtaxat
706 3285 771 3327 eum
790 3266 887 3346 atiquo
903 3265 1037 3345 periculo
1052 3266 1086 3325 iu
1134 3283 1241 3342 gnane.
1257 3267 1442 3345 Nequevero
1457 3267 1535 3326 mihi
1547 3267 1757 3329 laborandum
1777 3287 1889 3348 magno-

317 3373 360 3432 re,
377 3355 479 3417 relicto
493 3376 534 3432 eo,
558 3361 634 3439 qamt
650 3360 768 3420 omnino
786 3365 895 3419 eertum
916 3364 968 3432 eet,
984 3363 1012 3417 et
1025 3358 1086 3418 sine
1134 3375 1207 3437 0000
1220 3357 1288 3434 terit,
1303 3363 1340 3418 ut
1348 3358 1425 3418 44104
1434 3359 1663 3419 demonstrem:
1681 3379 1722 3420 ex
1734 3361 1802 3442 ipso
1814 3363 1891 3422 Wu-

314 3447 607 3531 pericutoeatioqnin
620 3469 685 3512 eum
698 3469 754 3511 noo
769 3449 994 3528 satisfacturum
1005 3467 1083 3528 pree-
1133 3450 1243 3509 drokio
1277 3453 1417 3529 cognosci
1445 3450 1531 3511 tacite
1565 3457 1675 3530 potest.
1708 3454 1789 3514 Cum
1820 3453 1890 3514 enim

316 3547 407 3618 cepto,
425 3559 483 3621 pao
505 3541 586 3602 debet
607 3542 757 3603 subuenire
771 3541 922 3623 proaimo.
950 3541 1083 3600 Conson-
1134 3541 1269 3620 aliquem
1283 3543 1365 3602 iuter
1378 3540 1563 3603 recentiores
1575 3543 1773 3622 theologum
1786 3563 1891 3624 00000-

215 3609 228 3634 *
316 3629 401 3692 tiunt
416 3635 559 3694 Granado
573 3637 606 3695 in
622 3639 650 3696 4.
665 3639 695 3696 4.
711 3641 786 3695 trac.
802 3636 850 3694 44.
867 3633 948 3712 disp.
965 3635 993 3692 4.
1008 3638 1082 3694 sect.
1134 3637 1192 3705 004,
1209 3649 1247 3691 ex
1257 3649 1318 3710 quo
1326 3631 1394 3710 jam
1408 3632 1655 3710 parateadhanc
1668 3635 1892 3713 opinionem,nt

317 3729 347 3787 4.
363 3743 396 3785 0.
413 3730 464 3787 44.
487 3727 572 3787 Salas
587 3728 620 3787 in
643 3730 671 3788 4.
686 3732 715 3788 4.
738 3732 826 3787 40004.
849 3726 878 3785 8.
900 3725 976 3804 disp.
993 3726 1085 3786 unica
1133 3723 1266 3782 anobis
1294 3723 1444 3803 explicata
1463 3728 1518 3798 est,
1549 3728 1796 3803 oppugnandam
1821 3745 1893 3788 arma

315 3824 388 3880 sect.
402 3822 450 3879 44.
467 3819 565 3880 conci.
581 3823 612 3880 4.
626 3820 763 3880 Sanobez
776 3819 798 3880 l.
822 3823 851 3894 4,
866 3819 899 3878 in
919 3819 992 3877 Dec.
1009 3837 1034 3878 0.
1051 3819 1082 3878 0.
1134 3820 1338 3884 mutuaretur,
1355 3834 1455 3877 00000
1472 3817 1586 3895 0000044
1605 3818 1754 3880 Paullum
1773 3821 1892 3881 600440
1942 3814 1946 3827 ’

316 3931 349 3972 0.
366 3915 416 3973 44.
433 3913 568 3990 Lnyman
581 3916 657 3972 trae.
675 3915 703 3972 4.
721 3931 747 3972 e.
765 3911 795 3971 5.
811 3911 839 3990 ᾗ.
855 3911 885 3970 3.
900 3928 932 3969 0.
954 3909 1002 3969 45.
1019 3909 1083 3970 Pil·
1133 3907 1209 3982 lum,
1226 3925 1319 3985 quem
1332 3913 1362 3967 04
1374 3907 1509 3986 appellat
1521 3926 1592 3986 pag.
1608 3910 1660 3970 90.
1680 3910 1893 3991 tsedtlagitiose

315 4005 427 4065 4400400
440 4010 464 4064 4.
482 4005 512 4064 2.
521 4010 611 4064 tract.
623 4009 673 4064 44.
690 4023 717 4064 0.
729 4007 758 4064 4.
770 4022 803 4063 0.
821 4003 889 4063 454.
899 4003 1038 4062 Beeanus
1050 4001 1084 4061 in
1133 4000 1305 4060 dissimulat
1314 4005 1455 4060 nostrum
1464 3998 1566 4080 tuisse)
1583 4007 1614 4062 04
1625 4020 1663 4062 ex
1677 4021 1745 4082 000
1759 4005 1895 4066 verbatim

318 4097 447 4157 Summa
470 4102 556 4177 parte
574 4099 604 4157 4.
623 4102 712 4157 tract.
738 4098 766 4155 4.
792 4115 819 4156 0.
843 4099 873 4155 4.
891 4113 921 4173 q.
938 4096 968 4154 9.
982 4113 1015 4154 0.
1032 4097 1081 4156 44.
1131 4093 1275 4153 describit
1296 4097 1439 4152 veterum
1460 4093 1697 4172 Theologorum
1724 4099 1860 4172 nomina,
1871 4101 1895 4157 et

318 4189 510 4269 Reginaldus
521 4189 555 4248 40
572 4189 659 4267 praxi
676 4188 735 4248 fori
749 4188 878 4268 poenitl.
897 4190 946 4248 43.
962 4191 1035 4247 0004.
1052 4192 1082 4248 4.
1132 4185 1209 4261 loca,
1226 4203 1295 4264 0000
1309 4203 1365 4263 000
1380 4185 1534 4245 contraria
1543 4186 1694 4264 opinione
1709 4189 1826 4251 ibidem
1837 4207 1894 4270 000-

316 4300 348 4342 0.
365 4284 415 4343 99.
433 4283 594 4344 Gondonus
608 4281 629 4341 l.
648 4284 676 4340 4.
693 4301 724 4360 q.
741 4284 771 4342 9.
783 4300 815 4340 0.
833 4282 882 4341 30.
896 4281 945 4341 34.
958 4281 1084 4340 Βο0000-
1133 4283 1244 4338 censet.
1256 4279 1344 4336 Certe
1354 4275 1392 4336 ab
1399 4277 1488 4336 annis
1497 4277 1896 4351 octogintatantoconsensu

315 4393 369 4435 rus
381 4375 403 4436 l.
418 4378 447 4436 3.
464 4377 502 4435 de
513 4375 702 4436 Conscientia
716 4393 742 4434 0.
759 4377 809 4434 44.
825 4393 858 4433 n.
875 4375 944 4434 445.
956 4375 1085 4434 Buseur-
1133 4371 1167 4430 in
1179 4369 1323 4430 omnibus
1341 4369 1570 4448 Theologorum
1590 4372 1708 4434 scholis
1729 4381 1850 4455 recepta
1860 4378 1896 4435 est

315 4469 410 4529 baum
425 4467 444 4528 l.
464 4473 493 4528 t.
516 4473 604 4528 tract.
626 4473 655 4527 t.
672 4487 698 4528 o.
714 4471 744 4528 4.
770 4465 828 4526 sub
848 4466 954 4539 440οι0,
980 4466 1083 4526 etalii
1132 4462 1186 4522 illa
1209 4462 1372 4536 sententia,
1395 4466 1430 4521 04
1450 4461 1502 4540 0οἰ
1527 4465 1670 4541 superius
1690 4467 1819 4546 allegati
1837 4472 1896 4527 sunt

314 4561 417 4621 multi.
1134 4560 1273 4615 auctores
1285 4560 1350 4614 tam
1360 4552 1450 4613 multi
1464 4552 1609 4632 (quorum
1627 4557 1780 4639 04004000
1792 4577 1898 4628 aeruna·

356 4653 471 4726 000040
486 4651 616 4712 eandem
630 4651 824 4723 sententiam,
843 4668 903 4728 qua
917 4657 1004 4728 parto
1018 4651 1082 4711 Ma-
1132 4647 1286 4706 tissimum
1301 4645 1427 4705 illorum
1439 4646 1639 4726 Gathalognm
1656 4655 1840 4724 texuerunt,
1853 4651 1896 4730 004

315 4746 436 4824 gistros,
465 4763 501 4804 00
522 4749 725 4823 praeceptores
746 4749 871 4824 spectat,
896 4742 1081 4803 retentarunt.
1132 4739 1213 4800 banc
1227 4738 1475 4798 Controversiam
1488 4738 1625 4819 attigere)
1644 4741 1855 4806 4000400400
1866 4761 1897 4805 en

318 4838 444 4900 Tenetur
454 4847 633 4918 preceptor-‚¹
643 4835 744 4915 400044
751 4837 862 4896 Suarez
870 4835 939 4894 int.
952 4839 981 4896 4.
992 4841 1081 4899 40004.
1132 4831 1659 4910 recentioribusTheologisupertos
1671 4837 1897 4917 0000400ου000-

313 4933 344 4991 3.
361 4929 440 5010 disp.
456 4933 504 4990 44.
521 4932 670 4990 000460.
686 4931 716 4988 0.
732 4927 886 5002 saniorem,
900 4934 928 4987 et
941 4926 1083 4987 aeriorem
1133 4931 1215 4984 tores
1245 4923 1409 4984 nominent
1438 4943 1445 4984 :
1476 4924 1618 4984 Paullum
1645 4927 1896 4991 Comitolum¹c

313 5022 480 5084 doctrinam
502 5019 603 5081 dooere
616 5039 628 5082 .·
647 5025 680 5081 in
703 5039 760 5102 qao
787 5026 881 5100 potest
903 5038 957 5100 per
977 5018 1084 5101 prodas
1134 5015 1283 5077 Societata
1295 5017 1381 5089 besu,
1398 5015 1484 5095 quil.
1500 5016 1531 5076 5.
1544 5034 1690 5096 respons.
1708 5023 1817 5083 4440004.
1831 5041 1858 5100 q.
1871 5021 1895 5080 5.

347 5277 359 5326 t
379 5274 436 5324 Ante
448 5269 585 5324 Comitolum
603 5268 728 5320 censendus
741 5267 814 5318 tuerat
826 5265 910 5317 lesuita
926 5265 1080 5318 Perdinandus
1129 5268 1205 5316 noster
1219 5261 1340 5320 scribebat,
1351 5261 1432 5326 plnres
1452 5259 1555 5326 prodiere
1578 5261 1711 5317 Societatis
1732 5265 1862 5334 Scriptores,
1874 5276 1896 5314 ne

312 5348 419 5401 Rehctlus
446 5348 475 5398 ’4.
500 5358 519 5397 1,
543 5347 573 5396 ete
596 5344 708 5400 Justitia.
725 5347 749 5394 et
760 5345 861 5406 jurene
887 5341 961 5395 4608.
977 5341 1036 5392 Huic
1059 5345 1082 5390 et
1130 5340 1179 5404 4000
1193 5337 1282 5404 004400
1298 5336 1398 5388 concina
1412 5336 1896 5400 4444400040,οἰΡο010044400000000400

313 5423 423 5476 Comitoto
438 5422 535 5474 00000044
547 5435 584 5471 an.
602 5419 675 5471 4644.
700 5417 801 5469 Andreas
815 5417 928 5470 Btancbus
938 5417 979 5467 snb
1002 5415 1081 5467 fictitio
1130 5414 1299 5480 impugnarunt,
1316 5411 1434 5473 Goniatai,
1446 5411 1555 5470 6440440,
1574 5411 1706 5481 Camargo,
1722 5417 1821 5480 Gisbcrt,
1834 5415 1895 5467 tan·

314 5498 418 5553 Condidi
430 5496 577 5549 Pbitotetbie
595 5495 695 5557 nomine,
720 5492 762 5545 sub
786 5506 831 5558 000
845 5493 896 5557 0040
909 5493 996 5552 lateret,
1012 5491 1081 5554 igno-
1130 5495 1174 5550 tra,
1189 5490 1268 5549 bonet,
1284 5486 1389 5546 tntoine,
1405 5491 1450 5538 ete.

314 5574 372 5624 ravit
383 5588 405 5623 c.
421 5585 440 5623 0
454 5575 483 5624 40
508 5571 614 5636 (4400000.
643 5571 677 5622 nb
703 5583 764 5621 anno
782 5582 835 5620 vero
853 5569 927 5619 4659.
943 5581 988 5632 000
1001 5569 1081 5618 auctor
