3946 6344
320 351 381 410 188
792 379 794 382 ·
1032 348 1081 408 ua
1101 345 1201 407 FllJF..

320 515 434 578 «tentiae
455 514 715 594 supernaturalis,
739 515 899 594 supposita
916 514 1091 594 cognitione
1142 512 1272 572 fuissent
1294 516 1365 572 ante
1389 509 1499 584 tidem,
1524 517 1630 574 15555
1660 513 1733 574 fides
1755 515 1891 576 debuisset
1970 555 1971 590 3

320 607 402 683 fidei,
433 627 460 668 c.
487 607 544 668 bac
568 625 632 667 non
658 608 827 686 supposita,
863 627 896 667 n.
926 606 1093 667 Prudentia
1142 604 1340 686 superuenire
1365 611 1515 684 tanquam
1541 607 1681 668 medium
1707 608 1744 668 ad
1760 609 1891 686 justifica·
1970 597 1971 648 1

322 701 418 778 enim,
434 706 470 760 ut
483 701 576 761 dictet
590 702 687 761 [teum
703 719 767 760 csse
780 700 971 761 laudandum
988 700 1090 774 laudo,
1143 699 1272 760 tionem.
1970 779 1971 786 ἵ

321 813 391 873 quae
402 794 441 854 ad
451 793 673 854 beatitudinem
683 794 853 854 conducere
863 794 967 872 possit,
980 811 1094 872 suppo-
1183 792 1257 852 Iest.
1284 793 1311 852 2.
1337 791 1369 853 S.
1395 792 1474 870 Aug.
1498 797 1528 851 at
1550 791 1604 852 alii
1623 794 1683 852 ΡΡ.
1699 797 1897 872 agnoscuntin
1970 799 1971 868 1

322 905 396 947 nere
408 887 500 946 debet
511 886 617 947 omnia
632 886 783 966 principia
797 887 897 946 laudis
909 892 1093 965 supernatu-
1145 885 1320 946 infidelibus
1340 885 1455 964 gratias
1478 886 1726 964 supernaturales
1749 889 1899 948 excitantes

322 979 395 1039 ralis
418 979 522 1038 adesse
546 998 585 1040 ex
608 983 693 1056 parte
711 988 797 1038 actus
811 978 914 1058 primi,
929 978 1010 1038 inter
1025 997 1095 1058 quaa
1146 979 1185 1039 ad
1206 978 1288 1038 bona
1311 996 1415 1057 opera,
1441 979 1532 1056 plane
1550 979 1788 1058 independenter
1804 981 1900 1055 afide,

323 1078 369 1132 est
389 1072 523 1150 cognitio
548 1072 621 1133 fidei
643 1077 726 1131 certa
748 1071 786 1130 de
802 1089 850 1146 eo,
866 1071 949 1150 quod
962 1073 1042 1130 Deus
1056 1071 1095 1131 sit
1146 1071 1192 1132 uti
1210 1071 1272 1130 late
1287 1071 1421 1130 ostendit
1436 1070 1560 1150 Ripald.
1575 1089 1599 1130 s.
1612 1075 1641 1132 d.
1658 1075 1729 1132 517.
1746 1073 1786 1132 515
1799 1071 1831 1134 S.
1849 1073 1904 1134 Bc-

323 1163 394 1224 finis
421 1165 560 1242 5115555,
588 1164 755 1242 objectum,
786 1169 816 1224 51
840 1169 948 1224 auctor
965 1164 1095 1224 beatitu·
1146 1162 1255 1234 titides,
1284 1163 1359 1242 quia
1390 1163 1490 1224 adhuc
1517 1163 1651 1224 infidelis
1678 1164 1851 1226 defenderat
1873 1163 1901 1227 S.

324 1256 417 1318 dinis,
1147 1255 1379 1316 Potomieauura
1394 1257 1602 1334 quorumdam
1612 1256 1792 1335 petulantia,
1801 1258 1904 1318 maurit

260 1371 299 1432 pg
365 1349 442 1410 lost.
465 1352 494 1411 3.
514 1350 570 1410 Pia
589 1349 707 1410 affectio
727 1348 882 1424 credendi,
902 1354 933 1408 51
942 1348 1095 1426 judicium
1148 1348 1530 1427 convertiposttriduum;
1542 1349 1584 1409 sic
1597 1347 1633 1409 S.
1648 1347 1737 1428 Grec.
1750 1349 1823 1410 utar.
1835 1356 1903 1410 orat

325 1442 536 1502 credibilitatis
546 1449 619 1503 sunt
630 1449 718 1502 55155
727 1441 1095 1520 supernaturales,neque
1149 1443 1197 1501 ra.
1225 1441 1356 1519 loquens
1384 1441 1422 1500 de
1451 1441 1570 1500 actibus
1597 1442 1742 1502 virtuosis
1758 1443 1906 1502 Patrissui

325 1539 430 1595 tamen
452 1535 490 1595 ad
512 1553 564 1596 eos
582 1534 818 1615 prarequbttur
830 1534 917 1606 fides,
931 1551 1003 1594 cum
1016 1534 1096 1593 hanc
1147 1533 1401 1608 adbuciufrdclis,
1409 1532 1463 1608 511,
1473 1533 1533 1593 Pro
1542 1532 1587 1594 115
1597 1535 1683 1596 rebus
1691 1533 1779 1614 fidem
1792 1555 1906 1616 quoquc,

326 1628 512 1706 praecedant,
539 1646 613 1706 ergo
640 1646 698 1688 neo
712 1627 946 1706 praerequiritur
966 1626 1005 1686 ad
1019 1626 1097 1686 alios
1147 1626 1182 1686 ei
1192 1625 1293 1706 fallor,
1302 1624 1493 1705 precrnc'c'loco
1504 1625 1624 1686 retulit:
1637 1627 1680 1687 sic
1692 1627 1799 1688 Daniel
1810 1647 1873 1708 cup.
1884 1631 1908 1687 1.

325 1727 411 1781 55155
426 1721 776 1800 5555555555155115.
792 1737 875 1780 cons.
886 1720 1003 1799 priores
1014 1719 1097 1780 euim
1147 1719 1256 1780 stradet
1280 1715 1561 1779 Nabuchodonosorc'
1582 1719 1711 1793 infideli,
1741 1726 1777 1780 ut
1801 1729 1911 1800 peccata

326 1819 412 1872 actus
434 1819 572 1892 spectant
594 1815 633 1874 ad
653 1813 748 1874 fidem
763 1812 913 1891 complete
927 1818 1095 1891 sumptam,
1148 1830 1202 1872 sua
1224 1811 1426 1890 eleemosynis
1449 1811 1592 1872 redimat.
1622 1815 1712 1892 Resp.
1740 1813 1805 1873 Illis
1820 1815 1912 1892 gratiis

327 1906 372 1964 uti
395 1912 476 1966 recte
497 1907 581 1984 Lnga
601 1905 630 1966 d.
654 1908 683 1966 11.
700 1924 731 1964 ιι.
749 1906 798 1964 td.
814 1905 964 1964 51115151.
981 1907 1095 1966 15223.
1147 1922 1211 1964 555
1236 1905 1469 1964 consentiebant
1492 1923 1645 1966 consensu
1672 1907 1912 1985 supernaturali,

328 1998 466 2058 Concilia
492 2005 609 2076 autem,
638 2000 694 2060 ΡΡ.
723 2003 755 2058 51
781 1999 844 2057 ΑΑ.
870 1997 1098 2076 praerequirunt
1146 1997 1205 2056 nisi
1217 1997 1371 2057 mediante
1386 1997 1464 2058 fide:
1481 1996 1515 2058 S.
1534 1997 1682 2058 Basilides
1702 1999 1762 2062 isto
1776 2005 1849 2060 actu
1861 2019 1914 2060 non

327 2089 422 2150 fidem
443 2092 481 2151 ad
509 2098 594 2152 actus
622 2089 871 2172 supernaturales
898 2109 917 2150 a
944 2090 1004 2150 lide
1036 2090 1096 2150 dis·
1148 2089 1399 2168 meruitgratiam
1410 2090 1630 2162 555555515515,
1641 2091 1914 2152 sedseoumeu

327 2183 448 2244 tinctos.
1148 2201 1204 2262 pro
1218 2183 1284 2262 ipso
1294 2201 1385 2242 orans
1396 2183 1591 2262 impetravit;
1605 2183 1638 2244 S.
1659 2182 1748 2264 Grec.
1760 2185 1823 2246 late
1834 2185 1916 2246 sumit

367 2275 441 2338 lust.
458 2278 485 2337 -1,
504 2277 618 2354 Orati0,
634 2295 695 2357 qua
714 2277 816 2356 primo
831 2281 974 2337 cratinus
987 2277 1097 2336 arden-
1149 2275 1193 2334 To
1204 2275 1709 2354 proemiam,namoperaillanon
1724 2277 1918 2338 merebantur
1970 2323 1971 2364 ,

328 2373 375 2428 ter
402 2368 479 2448 petit
503 2368 608 2438 fidem,
634 2374 679 2428 cst
701 2375 786 2429 actus
807 2369 967 2428 distinctus
989 2369 1097 2442 abde,
1149 2365 1259 2442 fidem,
1284 2367 1337 2426 sed
1362 2367 1531 2447 improprie
1562 2368 1790 2448 disponebant,
1827 2389 1918 2431 rema

329 2461 504 2540 praecedens
527 2461 633 2534 fidem,
656 2467 686 2521 51
708 2467 815 2522 tamen
833 2461 1097 2540 supernaturalis;
1150 2460 1251 2520 vendo
1274 2460 1497 2538 impedimenta
1520 2461 1674 2540 graviora,
1699 2467 1736 2520 ut
1758 2461 1859 2522 verba
1877 2463 1919 2523 iila

330 2572 413 2632 crgo.
432 2552 678 2616 1111555112.
695 2573 724 2635 q.
742 2557 771 2616 5.
788 2573 811 2614 s.
833 2557 862 2614 4.
879 2554 905 2632 ξ.
926 2558 951 2613 l.
966 2560 996 2613 et
1010 2554 1098 2615 Card.
1151 2545 1500 2633 expo'uuntinterpretes
1509 2553 1592 2632 apud
1602 2555 1691 2632 Lugo
1702 2557 1792 2615 571.
1806 2553 1920 2624 Daniel,
1970 2549 1971 2552 ’

330 2644 360 2706 d.
383 2649 430 2708 16.
452 2667 482 2707 ιι.
505 2649 556 2707 20.
576 2651 697 2727 putant,
724 2647 819 2707 talem
837 2647 1011 2707 orationem
1037 2665 1101 2706 5555
1150 2645 1199 2706 551
1213 2645 1687 2726 supponebatpriusbabendam
1701 2647 1798 2708 fidem
1802 2667 1922 2728 ,exqua
1970 2691 1971 2740 3

331 2740 516 2816 naturalem,
537 2745 568 2800 51
586 2745 710 2800 tautum
727 2757 888 2800 removere
900 2739 1102 2819 impedimen
1152 2738 1260 2797 darerrt
1249 2743 1301 2797 tur
1334 2737 1554 2814 eleemosymas
1584 2739 1634 2798 551
1666 2740 1692 2798 51
1726 2746 1800 2800 5515
1837 2741 1922 2802 fidem
1969 2737 1971 2792 l

330 2835 399 2890 tum
422 2830 505 2891 fidei.
527 2831 610 2911 Lupo
631 2831 782 2911 permittit
800 2850 864 2892 csse
878 2838 1101 2911 supernatura·
1153 2831 1301 2890 suadebat
1288 2831 1504 2909 telecmosyn
1506 2849 1548 2906 as,
1578 2831 1627 2891 155
1620 2837 1773 2893 tantum
1787 2839 1971 2913 poterant

331 2923 404 2995 lem,
421 2922 716 3002 seddicitpertinere
726 2924 882 3000 adfinem,
898 2925 1103 2985 acinrationc
1152 2930 1290 2983 auertere
1305 2923 1618 3002 ltcerrestcmporales,
1631 2925 1716 3003 quod
1731 2924 1846 2986 fuisset
1860 2947 1925 3006 pra·

332 3016 405 3075 doni
431 3017 604 3096 computari
630 3035 687 3096 pro
708 3017 779 3084 fide,
810 3034 881 3076 eum
904 3017 943 3077 sit
961 3018 1103 3096 quaedam
1154 3014 1254 3074 mium
1274 3021 1397 3075 tantum
1418 3015 1569 3076 naturale.
1593 3017 1642 3075 Es
1662 3017 1815 3078 hactenus
1846 3020 1927 3080 dictis

332 3108 399 3186 ejus
420 3109 588 3184 inchoatio,
613 3115 643 3170 et
665 3109 767 3188 reipsa
787 3110 905 3170 oriatur
928 3127 966 3170 cx
983 3110 1104 3172 lumine
1193 3107 1261 3184 §⁹2-
1284 3106 1464 3186 1515555151·
1476 3127 1554 3188 seqq.
1576 3111 1605 3168 1.
1639 3110 1741 3174 Quam
1765 3111 1877 3190 grauis
1897 3115 1927 3174 sit

332 3201 415 3278 fidei,
437 3203 526 3262 sicuti
549 3203 765 3282 crepusculum
780 3203 969 3264 matutinum
979 3221 1105 3283 compn-
1155 3199 1301 3277 obligatio
1329 3199 1479 3276 illorum,
1518 3200 1572 3280 qui
1610 3220 1718 3262 curam
1749 3203 1927 3266 animarem
1968 3215 1970 3288 t

332 3299 416 3353 tatur
430 3294 506 3370 dies,
522 3295 597 3373 quia
611 3300 657 3354 est
669 3313 688 3355 a
700 3295 820 3355 lumine
835 3296 923 3372 Solis,
936 3301 967 3355 et
980 3295 1105 3356 inchoat
1155 3292 1281 3364 babent,
1303 3298 1339 3352 ut
1354 3293 1413 3353 sibi
1432 3294 1613 3354 commissos
1627 3295 1709 3356 bene
1723 3296 1926 3358 instruentia

334 3385 1102 3466 (11555155555515155551551158.1155315559.
1155 3383 1382 3464 1555155155
1397 3405 1458 3466 qua
1472 3387 1557 3446 velut
1570 3387 1725 3466 principio
1739 3389 1849 3468 primo
1866 3411 1928 3472 pen

336 3478 367 3538 ιἰι
381 3478 492 3540 Ezccb.
1156 3477 1230 3538 dent
1217 3478 1373 3539 lemnia:
1406 3478 1523 3552 Plane,
1557 3480 1662 3556 iuquit
1683 3482 1823 3543 Herincx
1852 3487 1927 3545 (17.
1968 3505 1970 3516 ²

377 3569 472 3651 Odjr'c.
499 3575 528 3632 3.
552 3572 606 3632 SS.
624 3573 683 3633 ΡΡ.
700 3571 861 3651 loquentes
875 3573 913 3632 dc
927 3573 1105 3634 necessitate
1156 3573 1249 3632 1542
1267 3571 1355 3650 longe
1365 3572 1474 3632 5111155
1485 3572 1718 3634 tustctucreetur
1727 3593 1834 3636 corum
1848 3576 1970 3666 plebe

334 3664 407 3725 fidei
421 3683 501 3746 saepe
524 3670 653 3727 sumunt
673 3665 767 3725 fidem
789 3683 846 3743 pro
865 3664 1039 3743 cognitione
1053 3667 1107 3726 ho·
1156 3663 1309 3724 conciones
1342 3663 1541 3726 5515515155
1556 3683 1648 3746 quum
1669 3666 1752 3744 ulca,
1777 3672 1812 3728 ιἰι
1834 3669 1969 3750 quidus

336 3758 435 3834 nesti;
452 3755 980 3836 555515511511155111755512
996 3761 1025 3819 3.
1037 3761 1102 3820 cti.
1156 3754 1376 3816 5511115515
1390 3756 1455 3818 locu
1468 3757 1651 3837 Scriptura
1667 3767 1694 3818 ct
1709 3767 1891 3840 correeptus
1906 3783 1969 3856 ιι
1967 3709 1969 3804 1

336 3869 500 3926 5555555,
528 3850 734 3930 quodicitu,r
763 3850 867 3910 omnia
889 3869 954 3910 5555
969 3857 1103 3930 peccata,
1156 3821 1969 3932 discursuscupitumpledrsesccdcrctesproponuuturs
1967 3879 1969 3940 t

336 3962 406 4024 quae
420 3962 484 4004 non
498 3943 579 4004 fiunt
566 3949 631 4004 tex
645 3942 716 4010 fide,
733 3961 806 4020 ergo
822 3942 901 4002 male
915 3943 1107 4022 explicantur
1154 3960 1234 4022 prou
1236 3947 1358 4003 15555
1365 3941 1534 4022 frequentes
1543 3943 1616 4019 fiere
1625 3944 1803 4008 ιε’..άιιιιιιι
1784 3947 1803 3984 ‘³
1808 3949 1969 4022 ‚Quare

337 4037 374 4096 de
394 4035 455 4097 1515
476 4036 590 4113 stricta,
617 4041 647 4096 et
670 4042 894 4114 consequenter
914 4035 975 4095 dict
963 4040 994 4095 ta
1008 4055 1038 4096 ιι,
1055 4037 1103 4096 25.
1157 4035 1293 4114 prudent
1294 4041 1373 4096 eret
1375 4034 1436 4094 iam
1449 4035 1564 4095 faciant
1576 4035 1641 4112 alii,
1659 4037 1716 4115 551
1729 4037 1799 4099 5155
1815 4040 1931 4121 obliga·
1966 4025 1969 4090 *f

337 4121 401 4191 non
429 4128 610 4189 subsistunt.
634 4129 675 4188 R.
696 4147 729 4188 n.
745 4146 913 4188 consnam
927 4127 1000 4188 alibi
1014 4127 1108 4189 talem
1158 4126 1242 4188 tione
1266 4135 1379 4205 regunt
1400 4128 1533 4202 animas,
1557 4128 1584 4187 51
1608 4129 1739 4188 modum
1766 4135 1932 4196 exercendi
1966 4129 1968 4204 1

337 4222 500 4300 requirunt
513 4221 608 4283 tidem
628 4221 668 4282 ad
681 4221 840 4295 meritum,
856 4221 979 4298 qualem
993 4223 1031 4282 ad
1042 4222 1110 4300 jus·
1157 4219 1286 4280 virtutes
1300 4219 1500 4299 Theologicas
1522 4219 1601 4282 bene
1626 4222 1791 4296 edoceant,
1809 4244 1932 4288 earum·
1967 4241 1968 4292 t

337 4313 549 4390 tificationem,
565 4315 632 4374 haec
645 4320 750 4374 autem
764 4313 855 4372 debet
866 4333 930 4374 csse
945 4316 1058 4392 stricta,
1074 4320 1109 4374 ut
1157 4331 1217 4390 quie
1252 4314 1433 4374 exercitium
1467 4313 1650 4392 frequenter
1686 4321 1932 4382 commendant:

338 4411 459 4467 certum
471 4413 517 4468 est
530 4426 569 4467 ex
580 4406 668 4466 dictis
682 4425 712 4466 ιι.
729 4409 759 4465 8.
776 4423 859 4482 ergo.
1157 4405 1250 4482 longe
1265 4406 1333 4484 plus
1347 4406 1495 4511 prodierit
1507 4407 1714 4486 permedium
1724 4411 1934 4487 quadrantem

379 4497 451 4560 lest.
470 4502 498 4560 l.
515 4500 605 4559 Cone.
620 4499 878 4577 blogunb'numc.
897 4499 970 4558 7.(15
977 4497 1105 4579 Justcfic
1158 4505 1206 4558 act
1194 4499 1340 4574 tfidei,us
1356 4499 1431 4578 spei,
1448 4504 1479 4558 et
1492 4498 1649 4559 charitatis
1662 4500 1822 4578 elicuisse,
1841 4525 1933 4585 quarn

230 4652 236 4664 ,
340 4593 423 4662 dicit,
454 4591 696 4671 pravenientem
723 4591 866 4669 gratiam,
889 4595 958 4650 tum
979 4609 1033 4668 per·
1049 4591 1109 4651 alia
1158 4609 1213 4670 per
1227 4592 1291 4652 dies
1306 4592 1463 4652 multasse
1478 4591 1622 4653 afflixisse
1639 4593 1759 4668 ciliciis,
1781 4599 1935 4678 teljeju-

340 4684 453 4760 media,
464 4689 531 4744 tum
539 4682 1111 4788 potissimumiupraedicationeuerbi
1158 4683 1227 4751 niis,
1250 4689 1304 4744 aut
1325 4702 1448 4744 1555555
1469 4684 1535 4744 51115
1558 4685 1622 4745 5515
1641 4686 1889 4752 deuotiunculis.
1906 4695 1932 4753 3.

339 4777 378 4838 ad
409 4777 641 4838 conversionem
674 4775 838 4835 hominum
871 4775 1003 4854 operari,
1037 4793 1109 4854 crgo
1160 4775 1261 4840 Quam
1275 4776 1403 4856 quisquc
1420 4795 1476 4855 pro
1492 4795 1524 4836 55
1542 4777 1694 4838 5511151155
1716 4797 1784 4841 esse
1810 4783 1934 4846 debeat

339 4870 478 4950 agnoscit
491 4869 557 4928 sine
571 4868 786 4948 predicatione
802 4867 889 4927 uerbi
898 4867 965 4927 dari
979 4868 1110 4946 gratiam
1159 4868 1238 4928 utin
1249 4868 1426 4948 hisquoquc
1436 4869 1654 4948 frequentasse
1663 4879 1807 4952 occupat.
1821 4878 1935 4954 partim

340 4963 596 5044 praevenientem,
610 4963 704 5022 etiam
718 4961 757 5021 ad
769 4959 1110 5038 justificationemergo
1158 4965 1195 5019 ut
1206 4967 1371 5033 assuescat,
1388 4961 1430 5020 sic
1443 4961 1526 5022 enim
1541 4961 1606 5035 fiet,
1628 4976 1664 5022 ut
1676 4969 1766 5024 actus
1779 4966 1825 5027 illi
1841 4987 1932 5048 saepe,

341 5057 408 5116 dari
421 5060 523 5136 potest
536 5055 631 5114 etiam
641 5052 819 5132 justificatio
839 5052 904 5112 siue
918 5052 979 5112 fide
994 5054 1106 5114 stricta.
1159 5057 1191 5112 ct
1208 5052 1342 5112 niaxime
1364 5053 1397 5113 in
1416 5054 1595 5114 necessitate
1609 5063 1775 5117 recurrunt
1791 5062 1933 5137 5555155

342 5150 379 5210 R.
403 5167 436 5208 5.
459 5147 628 5208 secuudum
652 5163 716 5224 seq.
743 5162 816 5205 nam
830 5145 863 5204 in
877 5144 985 5224 primis
995 5145 1110 5206 seclusa
1159 5143 1284 5205 babitu:
1310 5146 1423 5225 partim
1445 5145 1516 5224 quia
1540 5152 1614 5206 sunt
1636 5149 1759 5226 regula,
1784 5152 1892 5212 anima
1905 5159 1933 5212 et

341 5241 558 5321 predicatione
586 5243 707 5318 poterat
730 5237 877 5312 revelatio
902 5237 1034 5316 proponi
1057 5257 1111 5317 per
1160 5237 1304 5316 perfectio
1331 5239 1474 5298 omnium
1501 5240 1719 5316 agendorum,
1750 5262 1785 5302 ac
1813 5247 1931 5324 patieu-

342 5334 517 5410 lectionem,
544 5332 593 5394 551
615 5329 876 5392 illuminationem
890 5329 1056 5404 internam,
1072 5331 1111 5390 ad
1161 5330 1273 5390 dorum
1286 5349 1342 5410 pro
1356 5332 1421 5392 vita
1436 5337 1560 5392 aeterua.

342 5445 438 5506 quam
457 5426 544 5505 sequi
558 5429 680 5505 poterat
692 5423 769 5484 fides
782 5426 895 5482 stricta.
914 5423 1028 5482 Deinde
1040 5422 1112 5482 licet
1204 5423 1286 5497 0.(1.
1312 5421 1560 5498 055555151555
1582 5427 1677 5486 etium
1698 5427 1783 5488 rudis
1798 5431 1931 5508 practice

342 5518 472 5579 omniuo
504 5517 612 5596 primae
643 5515 752 5594 gratiae
784 5513 1007 5594 praevenientes
1033 5513 1112 5574 datae
1163 5515 1285 5583 1551151,
1321 5524 1348 5576 51
1383 5513 1484 5576 tedere·
1516 5513 1615 5576 debeat
1651 5517 1693 5579 od
1739 5519 1930 5584 cruciandum?
