3964 6348
717 352 767 412 DE
787 349 1052 414 CONSGIENTIA.
1616 353 1674 412 365

89 507 131 568 tia
152 509 291 572 raritatis
316 512 470 576 sufficiens
498 515 536 577 ad
566 515 855 578 determinationem
905 515 988 577 xime
1003 511 1166 592 expeditam
1185 510 1225 572 ad
1249 510 1439 572 eredendum
1459 511 1581 574 duobus
1601 513 1674 576 viris

90 599 149 662 mei
165 600 350 679 intellectus,
376 605 484 668 saltem
503 606 665 670 accedente
690 608 742 690 pia
762 608 854 670 affec·
905 624 994 686 teque
1007 604 1163 686 gravibus,
1179 602 1358 682 requiritur,
1378 608 1413 664 ut
1427 609 1509 665 certo
1523 623 1587 665 non
1601 624 1673 686 cog-
1770 645 1773 653 -

89 689 170 754 tione
196 695 366 758 voluntatis
390 716 464 779 erga
486 698 520 758 S.
545 698 633 760 Hier.
658 705 689 762 et
715 700 856 762 similiter
905 716 1031 760 noscam
1061 699 1194 759 alterum
1225 713 1264 756 ax
1285 695 1345 756 illis
1364 695 1485 775 decipi,
1512 697 1599 776 atqui
1619 699 1673 759 ubi

88 785 252 848 auctoritas
264 787 301 850 S.
321 789 402 870 dap.
419 809 504 870 ergo.
529 809 615 870 ergo.
633 790 746 854 Contra
759 811 856 852 secun-
904 789 1061 851 affirmant
1076 787 1322 865 contradictoria,
1336 793 1420 849 cerlo
1434 806 1587 868 cognosco
1600 790 1675 852 alte-

87 873 153 936 dum
181 887 236 955 est,
261 882 343 960 quod
367 881 401 944 S.
430 882 533 944 Thera.
562 883 644 946 dicat
663 885 855 946 intellectum
904 900 976 943 rum
990 882 1100 944 exillis
1119 880 1228 960 decipi,
1251 895 1324 955 ergo
1349 899 1414 941 non
1437 899 1506 941 sum
1532 883 1674 961 proxime

86 970 226 1032 assentiri
244 974 300 1033 uni
314 974 394 1054 parti
407 980 531 1056 propter
545 975 673 1056 aliquid,
692 977 775 1056 quod
789 996 853 1038 non
904 974 1061 1054 expeditus
1086 973 1125 1035 ad
1153 972 1341 1034 credendum
1367 972 1450 1042 huie,
1477 973 1527 1033 vel
1549 974 1605 1047 illi,
1630 975 1674 1036 ita

85 1068 188 1122 movet
213 1063 414 1143 intellectum,
443 1067 497 1129 sed
516 1069 728 1145 voluntatem3
761 1075 793 1130 et
815 1068 852 1131 S.
903 1066 998 1126 Gonz.
1019 1085 1052 1126 n.
1070 1068 1120 1127 16.
1138 1067 1177 1126 R.
1199 1065 1270 1126 dist.
1287 1082 1371 1126 cons.
1396 1083 1470 1144 ergo
1484 1066 1591 1127 utsim
1605 1085 1673 1146 pro·

85 1150 219 1232 Iqrsotios
230 1157 310 1218 dicat
320 1159 488 1220 voluntatis
498 1161 636 1240 pondere
651 1160 807 1238 inclinari,
822 1169 854 1222 et
902 1158 985 1218 xime
1000 1157 1160 1238 expeditus
1172 1157 1212 1218 ad
1221 1155 1413 1218 credendum
1426 1155 1558 1234 duobus,
1571 1158 1672 1239 requi·

85 1262 148 1306 uon
165 1265 248 1310 novo
270 1251 398 1326 motivo,
426 1250 556 1331 ideoque
574 1253 642 1314 vult
661 1252 853 1314 intellectum
902 1250 993 1328 ritur,
1019 1255 1055 1312 ut
1086 1257 1169 1311 certo
1199 1269 1264 1310 non
1289 1267 1472 1329 cognoscem
1504 1251 1597 1320 hune,
1624 1253 1673 1314 vel

86 1335 127 1398 sie
155 1357 280 1422 semper
309 1362 364 1424 per
394 1345 587 1406 voluntatem
625 1345 767 1408 inclinari
813 1346 853 1408 ad
901 1341 991 1402 illum
1022 1341 1223 1404 determinate
1258 1341 1379 1422 decipi,
1413 1359 1500 1403 cone.
1537 1342 1671 1407 alterum

86 1433 314 1496 assentimdum
336 1436 572 1516 Superioribus,
600 1440 741 1517 quamvis
759 1439 852 1500 etiam
901 1433 1136 1496 indeterminate
1151 1439 1284 1509 tantum,
1301 1453 1373 1514 neg.
1391 1453 1475 1496 eous.
1501 1435 1671 1499 dummodo

88 1521 250 1586 intellectui
266 1546 331 1588 non
354 1540 550 1592 occurrerent
562 1530 697 1592 rationes
719 1530 852 1611 majores
902 1528 985 1587 enim
1009 1533 1092 1589 certo
1122 1532 1247 1588 maneat
1281 1527 1447 1588 auctoritas
1480 1528 1583 1606 gravis
1614 1549 1671 1610 pro

90 1633 141 1694 pro
164 1616 222 1678 hoc
242 1637 380 1699 assensu,
409 1627 502 1702 atque
521 1623 556 1683 iu
582 1622 641 1684 hoe
665 1623 754 1703 ponit
781 1641 852 1702 per·
900 1618 1319 1699 utroque,manetmotivum
1327 1617 1464 1699 prudens
1476 1621 1630 1698 credendi,
1640 1627 1671 1684 et

90 1707 245 1772 lectionem
277 1712 473 1792 obedientiae,
501 1715 585 1794 quod
610 1715 653 1776 ita
673 1733 752 1776 caece
780 1715 852 1778 sub-
900 1709 983 1785 huic,
1000 1718 1031 1773 et
1044 1711 1100 1790 illi,
1123 1711 1170 1772 uti
1183 1711 1402 1773 dictumestn.
1418 1714 1489 1773 398.

92 1800 183 1862 mittat
209 1819 241 1864 se
273 1805 332 1885 piae
368 1806 533 1880 voluntati,
567 1812 597 1868 et
633 1807 706 1868 inde
739 1806 851 1869 dicitur
942 1802 1037 1885 Obje'e.
1053 1806 1082 1864 3.
1099 1803 1277 1866 Aristoteles
1297 1805 1328 1865 2.
1344 1801 1378 1864 de
1391 1803 1490 1864 ocimo
1508 1809 1584 1865 tent.
1600 1808 1668 1868 153.
1694 1820 1754 1881 ,104
1877 1887 1879 1890 ¹

92 1892 231 1970 ejusmodi
248 1896 423 1960 obedientia
450 1897 622 1960 intellectus
653 1917 733 1960 casea
752 1899 851 1978 qualis
900 1893 984 1969 dicit,
998 1894 1163 1974 imaginari
1177 1914 1242 1956 esse
1256 1895 1290 1956 in
1305 1899 1412 1956 nostra
1424 1901 1585 1975 potestate,
1605 1917 1670 1961 non

91 2001 147 2058 uon
164 1987 231 2064 erit,
266 1988 293 2050 si
324 1991 422 2052 solam
447 1991 550 2052 lucem
584 1991 695 2051 metiri
731 1990 849 2071 proprii
898 2003 972 2047 vero
985 1988 1117 2067 opinari,
1132 2005 1206 2067 ergo
1221 1987 1396 2049 intellectus
1410 1986 1503 2048 etiam
1517 1987 1551 2048 in
1561 1991 1667 2070 opina-

89 2079 167 2158 sequi
192 2080 315 2142 debeat.
345 2083 406 2144 Ista
432 2083 537 2144 omnia
567 2081 657 2161 Coos.
685 2081 718 2143 in
744 2101 849 2144 exem·
899 2077 1013 2140 bilibus
1025 2099 1090 2141 non
1116 2079 1253 2158 subjacet
1272 2079 1404 2161 imperio
1427 2080 1605 2144 voluntatis.
1626 2085 1668 2145 R.

88 2168 140 2248 plis
151 2171 328 2248 manifestio,
344 2193 419 2236 nam
426 2175 451 2236 si
463 2175 561 2236 Titius
570 2179 732 2236 accusetur
745 2193 849 2236 eoram
898 2189 932 2230 n.
948 2172 1083 2233 caused
1096 2172 1331 2252 imaginandum
1347 2190 1413 2233 non
1426 2173 1595 2254 requiritur
1605 2193 1671 2236 mo·

90 2261 163 2340 (iujo,
178 2265 231 2343 qui
240 2267 279 2327 sit
295 2266 403 2346 hostis,
424 2272 454 2328 et
469 2285 573 2329 eoram
583 2267 778 2347 Sempronio,
795 2269 849 2348 qui
898 2263 1011 2343 tivum,
1036 2281 1053 2325 e
1078 2269 1186 2326 eontra
1208 2265 1380 2344 requiritur
1399 2265 1438 2325 ad
1464 2267 1668 2346 opinandum,

87 2353 245 2418 sitamieus
258 2359 341 2433 Titii,
370 2359 442 2420 lieet
455 2364 585 2438 uterque
599 2360 708 2423 eedem
732 2359 850 2422 motiva
898 2374 970 2419 eum
990 2357 1097 2436 opinio
1116 2357 1156 2418 sit
1172 2356 1327 2437 judicium
1349 2357 1480 2418 madens
1499 2358 1533 2419 in
1558 2377 1669 2422 verum

87 2447 184 2508 audiat
199 2467 267 2528 pro,
291 2457 323 2512 et
346 2457 455 2513 contra
474 2451 601 2525 Titium,
629 2469 710 2531 saepe
733 2451 797 2530 fiet,
813 2457 849 2514 ιιι
899 2448 1008 2509 saltem
1022 2467 1185 2530 apparens,
1201 2454 1232 2510 et
1246 2450 1319 2530 quia
1338 2450 1489 2510 motivum
1508 2471 1573 2512 non
1587 2471 1668 2514 sem·

88 2554 139 2615 pro
151 2539 269 2604 diverso
282 2543 405 2619 aflectu,
421 2543 596 2624 hicjudioet
624 2543 740 2606 Titium
756 2544 847 2607 inno·
897 2558 952 2620 per
967 2541 1053 2602 adest
1073 2541 1265 2625 prejudicio
1289 2541 1464 2619 formando,
1483 2543 1534 2604 lric
1556 2545 1667 2608 merito

88 2637 209 2710 cenum,
231 2634 284 2696 ille
307 2642 491 2698 nocentem:
524 2635 665 2697 similiter
692 2636 719 2696 si
736 2637 845 2715 pictor,
897 2633 972 2694 dicit
980 2651 1044 2694 non
1057 2651 1179 2715 semper
1188 2652 1253 2696 esse
1266 2634 1300 2695 in
1313 2639 1419 2695 nostra
1436 2640 1584 2714 potestate
1599 2638 1667 2717 opi-

89 2728 116 2784 et
127 2729 285 2788 emissarius
300 2729 458 2791 audierint
471 2747 540 2809 pro,
561 2733 592 2790 et
611 2733 718 2790 eontra
732 2730 848 2792 motiva
897 2725 985 2787 nari:
1008 2744 1072 2786 non
1096 2725 1169 2787 dicit
1195 2732 1332 2788 autem:
1365 2727 1489 2806 quando
1515 2729 1667 2792 motivum

90 2817 209 2894 equalis
240 2838 297 2900 pro
326 2821 444 2900 majore
478 2821 653 2900 prestantia
686 2820 847 2900 utriusque
896 2817 992 2890 adest,
1015 2817 1188 2897 praesertim
1207 2836 1312 2898 grave,
1335 2837 1400 2878 non
1422 2837 1487 2880 esse
1510 2819 1543 2880 in
1562 2828 1668 2883 nostra

90 2908 166 2985 artis,
181 2912 276 2990 pictor
290 2932 329 2974 ex
346 2913 457 2975 affeetu
473 2911 624 2992 judicabit
646 2929 735 2973 suam
748 2931 846 2994 praes-
896 2913 1043 2988 potestate
1064 2909 1195 2989 opinari,
1216 2915 1362 2990 patetque
1381 2911 1415 2970 in
1430 2912 1560 2972 materia
1581 2913 1665 2992 fidei,

91 3002 256 3078 tanborem,
274 3005 437 3066 statuarius
449 3021 557 3080 suam;
580 3021 665 3084 erge.
896 3019 952 3080 pro
972 3021 1033 3081 qua
1048 3001 1121 3062 lieet
1143 3002 1183 3062 sit
1196 3003 1415 3081 gravissimum
1428 3003 1592 3081 motivum,
1608 3025 1665 3086 po-

29 3079 71 3144 idi
128 3091 206 3176 Besp.
234 3098 264 3159 ⁹2.
292 3097 363 3158 Ideo
392 3096 587 3159 voluntatem
616 3113 706 3176 posse
732 3096 846 3176 eligere
895 3097 955 3153 test
965 3099 1070 3154 tammr
1081 3094 1225 3156 voluntas
1238 3095 1425 3175 suspendere
1439 3101 1554 3172 aetum,
1577 3101 1607 3158 et
1619 3098 1664 3168 ia·

94 3186 210 3262 equale,
223 3188 382 3250 autetiam
396 3188 501 3251 minus
514 3188 645 3258 bonum,
661 3187 733 3266 quia
743 3206 782 3249 ex
795 3207 843 3267 eo,
895 3203 974 3264 cere,
988 3192 1025 3247 ut
1038 3185 1212 3248 intellectus
1226 3187 1356 3268 positive
1370 3187 1500 3264 dubitet,
1522 3207 1557 3250 ac
1572 3190 1665 3254 etiam

94 3277 167 3352 quod
179 3278 235 3342 hoe
246 3281 415 3360 praeeligat,
431 3299 496 3342 non
510 3285 700 3353 estnecesse‚
713 3286 748 3340 ιιι
765 3280 844 3342 alte·
894 3294 1023 3340 erronee
1031 3278 1149 3357 judicet
1157 3281 1342 3360 oppositum.
1358 3279 1464 3340 Videri
1476 3286 1575 3360 potest
1588 3281 1663 3364 Esp.

93 3370 322 3434 rumdieatesse
347 3373 481 3434 malum:
512 3377 660 3434 econtra
673 3372 846 3434 intellectus
895 3377 954 3430 art.
972 3373 1081 3433 tolet
1097 3390 1173 3452 seqq.

94 3455 205 3522 deberet
229 3464 329 3526 dicere
343 3465 472 3526 alteram
491 3470 613 3545 partem
633 3481 698 3525 esse
715 3463 842 3526 falsam:
936 3460 1032 3542 oojtc.
1045 3465 1075 3523 1.
1093 3463 1124 3524 S.
1140 3464 1252 3524 Thom.
1270 3467 1299 3524 1.
1315 3466 1346 3524 2.
1357 3483 1386 3545 q.
1403 3467 1433 3526 9.
1449 3469 1509 3526 ort.
1528 3467 1555 3538 1,
1570 3463 1618 3526 od.
1632 3470 1661 3542 3,
1687 3470 1746 3531 tot

95 3551 140 3627 qui
153 3555 232 3616 enim
244 3557 316 3618 dicit
338 3557 588 3631 boeestrernm
618 3555 693 3618 dicit
724 3563 846 3619 contra·
893 3552 947 3630 ait,
975 3553 1115 3616 Voluntas
1136 3561 1230 3616 mouet
1254 3555 1438 3616 intellectum
1460 3561 1605 3636 quantam
1623 3559 1665 3621 od

95 3639 242 3709 dicterium
273 3668 338 3711 esse
375 3650 508 3728 falsum,
554 3667 713 3728 nunquam
740 3654 846 3711 autem
894 3647 1064 3708 coercerem
1078 3654 1224 3710 actus.·.·.
1248 3646 1452 3728 sedquoniam
1468 3647 1507 3708 od
1527 3647 1665 3711 determi-

94 3741 180 3812 potest
204 3743 338 3822 prudens
364 3742 536 3805 intellectus
564 3742 665 3803 dicere
693 3742 752 3804 hoc
778 3761 843 3822 pree
894 3739 1041 3800 notionem
1054 3747 1145 3814 octos,
1158 3758 1222 3820 que
1235 3747 1275 3800 est
1289 3746 1422 3820 reperte
1436 3739 1553 3820 objecti,
1573 3741 1664 3804 intel-

94 3823 137 3890 illo
161 3849 221 3895 esse
249 3835 371 3910 falsum,
409 3855 466 3916 pro
489 3853 551 3916 qua
578 3835 673 3896 habet
700 3835 841 3914 aequalia,
894 3829 981 3892 lectus
995 3839 1087 3892 mouet
1101 3831 1289 3910 voluntatem,
1388 3841 1415 3893 et
1428 3832 1471 3892 sie
1479 3840 1572 3914 potet,
1585 3833 1664 3916 quod

94 3926 138 3980 eut
164 3926 278 4005 majora
308 3926 426 3989 motiva
451 3925 574 3989 dicendi
607 3945 672 3988 esse
708 3933 840 3988 verum:
882 3922 1087 3984 noscendam
1101 3942 1222 4000 menen,
1239 3932 1268 3984 et
1282 3923 1555 3986 raotomsecundom
1574 3925 1659 3989 idun.

93 4007 130 4072 lu
152 4015 291 4080 Erratlrr.
324 4017 433 4081 Contra
458 4028 509 4096 est,
534 4019 708 4081 intellectus
743 4037 844 4080 amen·
893 4015 930 4077 R.
946 4017 1081 4077 Tantum
1094 4017 1364 4078 subintellectum
1381 4015 1422 4078 ad
1443 4017 1559 4096 primos
1572 4023 1660 4081 actus

91 4102 159 4168 tiens
178 4109 247 4172 huie
270 4129 345 4172 vero
373 4109 536 4191 probabili,
566 4129 630 4172 non
652 4111 726 4172 dicit
750 4129 844 4191 oppo-
892 4109 1078 4170 necessarios
1100 4108 1220 4169 moveri
1241 4108 1334 4170 aeolo
1359 4109 1490 4187 objecto,
1515 4128 1587 4172 eum
1600 4130 1662 4191 quo

91 4195 171 4260 dmm
210 4221 274 4265 esse
317 4203 479 4280 absolute,
519 4204 573 4264 sed
605 4207 729 4264 tantum
769 4204 844 4264 dicit
892 4206 961 4277 stat,
979 4201 1063 4280 quod
1082 4199 1165 4261 idem
1189 4200 1363 4262 intellectus
1385 4203 1585 4281 postmodum
1607 4224 1662 4285 per

90 4305 145 4352 esse
180 4294 380 4374 probabiliter
405 4295 528 4372 falsum,
558 4295 644 4356 nulla
666 4300 771 4356 autem
798 4301 844 4358 est
891 4294 1083 4354 voluntatem
1103 4299 1265 4354 moveatur
1305 4293 1343 4354 ad
1377 4293 1452 4354 alios
1483 4301 1570 4357 aetus
1589 4299 1661 4377 {non

88 4388 284 4464 contradictio,
295 4394 349 4450 aut
363 4388 582 4468 imprudentia,
598 4388 680 4468 quod
695 4388 775 4449 dleat
784 4387 843 4449 hoc
891 4385 1090 4446 necessarios.

87 4480 346 4558 ssseprobabiliter
358 4499 478 4553 verum,
500 4485 531 4540 et
544 4480 677 4542 alterum
690 4499 755 4542 esse
770 4499 842 4560 pro·
933 4477 1027 4558 Objir.
1044 4479 1074 4538 ὅ.
1090 4477 1259 4557 AEquelitas
1269 4478 1459 4539 motirorum
1473 4485 1518 4540 est
1528 4478 1661 4542 dubium
1683 4483 1743 4545 106

86 4566 214 4633 habiliter
227 4574 350 4650 falsum,
373 4572 491 4634 etiamsi
512 4591 568 4651 pro
586 4573 646 4634 hoe
659 4573 756 4634 altero
781 4572 843 4633 sint
891 4569 1087 4649 objectiuum,
1102 4570 1153 4631 cui
1168 4568 1203 4629 in
1222 4575 1325 4630 mente
1342 4569 1507 4650 respondet
1527 4572 1659 4634 dubium

89 4663 214 4742 aqualia,
229 4665 392 4726 autetiam
404 4665 521 4744 majora
532 4664 660 4741 motiva,
687 4664 762 4744 quie
775 4682 842 4725 cer·
890 4661 1030 4738 formale,
1045 4661 1114 4724 ideo
1127 4659 1211 4722 enim
1225 4661 1283 4722 viri
1292 4663 1373 4723 docti
1387 4663 1515 4738 haerent,
1533 4669 1564 4725 et
1574 4665 1661 4726 dubi·

87 4755 147 4814 tum
169 4761 212 4817 est
233 4756 309 4818 falsa
333 4757 521 4837 quandoque
548 4774 615 4818 esse
643 4755 842 4836 probaliliora
889 4757 967 4828 tant,
986 4753 1060 4834 quid
1080 4754 1192 4815 sentire
1216 4753 1358 4827 debeant,
1383 4755 1408 4815 si
1438 4755 1472 4815 in
1495 4765 1660 4836 utramque

88 4847 177 4908 ueris:
194 4867 279 4929 ergo,
889 4851 1010 4925 partem
1031 4850 1195 4907 occurrant
1216 4863 1325 4924 graves
1351 4846 1486 4908 rationes
1514 4848 1659 4927 aequales,
1713 4901 1717 4912 .

20 4930 68 4973 ¹*
125 4938 211 5020 Odjir.
229 4943 256 5002 1.
271 4941 386 5002 Motiva
395 4941 526 5020 aequalia
539 4959 571 5002 se
586 4947 695 5002 martuo
710 4940 839 5017 elidunt,
890 4938 1027 5018 ergoubi
1042 4944 1086 4999 est
1100 4937 1257 5017 aequalitas
1271 4939 1473 5014 motivorum,
1495 4941 1659 5020 suspendi-

91 5046 153 5109 ergo
175 5039 320 5094 neudum
351 5037 457 5094 manet
479 5033 609 5114 dignum
635 5051 772 5095 assemu.
802 5035 837 5094 R.
889 5036 942 5092 tur
955 5031 1056 5092 omnis
1069 5048 1219 5104 assensus,
1235 5029 1278 5091 ita
1292 5031 1387 5094 (iona.
1404 5029 1490 5092 conf.
1508 5032 1658 5094 exS.Th.

91 5137 152 5201 neg.
186 5129 249 5186 ant.
287 5125 374 5204 eujus
407 5127 582 5216 oppositum
611 5129 768 5188 ostensum
795 5129 842 5186 est
891 5123 946 5203 qui
957 5123 1010 5197 ait,
1029 5124 1110 5184 Tune
1123 5131 1164 5184 est
1185 5121 1337 5203 dispositio
1348 5121 1512 5183 dubitantis
1532 5123 1660 5186 intellec·

94 5229 169 5276 uum.
188 5217 257 5277 263.
273 5219 387 5278 ettae.
891 5213 1079 5297 inaquosam
1098 5223 1140 5277 est
1169 5222 1273 5296 operto
1292 5212 1446 5296 ceqeoldos
1465 5233 1576 5290 eorum,
1592 5236 1660 5298 quta

8 5297 64 5370 iba
130 5305 214 5387 otje.
228 5310 258 5370 2.
272 5309 312 5370 Ut
325 5309 534 5389 simproxime
548 5309 708 5389 expeditus
723 5308 762 5369 ad
776 5326 840 5369 cre·
891 5316 1003 5369 movent
1023 5306 1063 5370 od
1075 5315 1229 5390 utromque
1245 5313 1373 5390 portem.
1396 5307 1475 5366 Item
1495 5305 1583 5368 dicit:
1599 5307 1659 5370 du·

97 5393 217 5459 dentum
235 5399 300 5461 viro
322 5401 422 5480 gravi,
440 5401 620 5482 requiritur,
647 5405 683 5462 ιιι
694 5418 757 5462 nou
771 5418 841 5480 eog-
890 5397 969 5464 biom
991 5409 1032 5462 est
1050 5401 1269 5464 contrariorum
1279 5405 1425 5462 rotmanos
1439 5397 1608 5481 equalitas,
1625 5407 1660 5462 ut

101 5503 209 5550 uenam
221 5495 300 5551 certo
319 5491 405 5552 illum
421 5493 531 5573 decipi,
548 5511 621 5573 ergo
641 5497 675 5553 ut
691 5492 749 5554 sim
767 5510 839 5571 pro·
889 5499 994 5556 autem
1007 5493 1209 5573 sitdispositio
1222 5492 1387 5572 opinantis,
1404 5489 1533 5571 requirit
1541 5492 1658 5554 motiva
