3946 6344
595 396 713 458 LIBER
733 395 902 458 TERTIUS
923 395 1021 457 PARS
1043 396 1056 455 I
1558 395 1615 458 aar

57 581 81 623 v.
98 578 124 641 g.
146 559 254 622 sanitas
276 559 445 640 spondetur
468 578 576 640 puero,
591 560 617 622 si
631 561 664 622 B.
681 560 805 640 Virgini
856 559 967 641 prima,
978 561 1122 638 secunda,
1144 578 1186 622 an
1198 559 1300 639 tertia,
1316 561 1361 622 uti
1371 562 1440 624 fieri
1454 567 1554 643 potest
1567 563 1624 624 sal·

57 655 183 716 eduntur
206 652 332 714 candela
356 654 483 734 praecise
511 673 599 734 aeque
620 654 803 734 ponderosa,
855 660 919 715 tem
938 661 1035 716 noctu
1048 653 1287 734 expergiceenti,
1307 673 1362 716 cur
1375 657 1503 737 species
1519 655 1637 736 phania

57 764 136 826 quam
149 750 192 806 est
205 763 293 826 puer,
310 745 336 806 si
345 751 381 806 tu
394 746 504 808 offeras
514 747 623 825 magis,
635 752 689 807 ant
702 746 807 808 minus
856 745 909 806 siae
935 746 1106 808 movebunt
1131 749 1316 826 sanguinem
1340 749 1380 810 ad
1394 750 1472 810 duos
1498 748 1625 828 praeeise

57 839 255 920 ponderosam,
273 844 306 900 et
322 857 425 919 speres
445 839 618 908 sanitatem,
634 840 805 919 reeteagis.
856 838 988 919 pulsus?
1011 839 1100 916 item,
1117 858 1189 900 curn
1223 840 1339 921 species
1363 841 1535 921 phantasiae
1565 840 1630 901 sint

7 933 37 993 te
88 932 112 1011 fi.
131 931 158 992 2.
180 933 227 991 Ex
246 931 326 992 datis
339 933 453 1012 regulis
467 932 631 1012 colligitur,
648 933 808 1012 sequentia
857 937 1001 1008 mortuae,
1027 951 1091 992 non
1113 937 1241 1012 possunt
1268 951 1393 994 movere
1418 933 1625 1013 phantasiam,

56 1041 110 1086 csse
129 1023 344 1103 superstitiosa.
375 1029 404 1086 1.
439 1026 549 1087 Facere
573 1025 739 1104 ligaturam
761 1025 808 1086 rei
858 1023 918 1084 nisi
932 1025 1088 1094 causando
1107 1030 1211 1086 actum
1224 1025 1407 1105 phantasia,
1430 1026 1469 1087 dc
1482 1027 1542 1088 hoo
1556 1030 1627 1086 actu

54 1115 181 1196 ahcnjns,
212 1135 251 1178 ne
285 1119 384 1179 raom
417 1117 464 1178 lac
499 1117 615 1179 effluat.
651 1120 679 1180 t.
718 1119 808 1179 Certo
859 1133 977 1196 quara
993 1117 1068 1196 quid
1083 1136 1140 1198 pro
1155 1119 1275 1197 objecto
1288 1118 1412 1196 habeat,
1427 1137 1492 1180 non
1505 1123 1625 1180 certum

54 1209 161 1270 credere
180 1227 214 1270 se
240 1227 302 1270 non
327 1209 514 1270 moriturum
542 1229 580 1271 ex
602 1209 753 1288 vvrlnere,
784 1212 808 1271 si
861 1227 1032 1272 numerum
1055 1210 1216 1285 hamram,
1242 1229 1315 1271 nam
1339 1211 1516 1291 ignoratur,
1537 1209 1633 1271 etvul

52 1301 118 1362 iesto
139 1301 170 1362 S.
193 1301 343 1381 Stephani
363 1301 397 1363 in
419 1321 510 1382 pane,
526 1308 558 1364 et
578 1303 807 1382 aquajejunet,
859 1299 969 1382 horam
992 1302 1171 1382 explorare:
1201 1322 1259 1365 nec
1283 1303 1403 1383 aliquid
1428 1303 1532 1379 aliud,
1559 1302 1633 1382 quia

52 1393 158 1473 riteque
172 1394 328 1464 confessus
339 1395 559 1456 communicet.
577 1398 606 1457 3.
624 1397 715 1457 Festo
737 1396 809 1457 Pas·
859 1392 938 1455 nihil
961 1393 1046 1456 aliud
1071 1395 1130 1457 erit
1153 1414 1329 1457 connexum
1355 1414 1428 1456 oum
1447 1395 1633 1475 totpracise

51 1485 146 1562 rhetis,
159 1486 210 1546 vol
223 1486 283 1547 alio
297 1486 428 1548 solemni
441 1487 490 1549 dia
500 1487 656 1550 abstinere
669 1507 689 1548 a
707 1488 810 1548 carni-
859 1486 1010 1564 pulsibus.
1031 1488 1195 1565 Praeterea,
1215 1507 1297 1568 pone
1312 1489 1397 1567 quod
1416 1487 1509 1568 plane
1521 1487 1631 1568 imagi-

51 1575 112 1653 bns,
124 1579 276 1639 credendo
289 1596 321 1638 sa
335 1597 390 1658 per
406 1578 465 1639 hoc
483 1579 661 1640 infallibiter
673 1579 808 1641 liberan-
859 1583 952 1639 netur
975 1579 1044 1649 sibi,
1066 1597 1130 1641 esse
1150 1580 1285 1656 tertiam,
1306 1581 1431 1660 prande
1455 1587 1501 1642 est
1518 1580 1631 1660 prima,

49 1667 116 1728 dum
130 1688 148 1731 a
160 1669 250 1738 labri,
276 1675 330 1732 aut
356 1670 419 1731 alio
438 1671 532 1732 malo.
558 1674 588 1733 1.
618 1672 706 1733 Nolle
725 1673 810 1734 adire
859 1668 884 1730 ei
899 1673 1012 1733 arteria
1025 1673 1127 1752 pulset
1139 1677 1198 1750 ter,
1213 1679 1269 1734 tua
1282 1673 1472 1753 experientia
1485 1673 1564 1734 tellit
1579 1691 1587 1747 3
1604 1672 1629 1734 si

50 1760 226 1839 convivium,
249 1763 283 1823 in
306 1781 368 1843 quo
391 1769 465 1824 sunt
484 1764 642 1834 tredecim,
669 1783 705 1826 eo
726 1765 810 1845 quod
860 1763 962 1842 pulset
982 1764 1088 1838 semel,
1113 1783 1178 1826 non
1200 1771 1301 1845 potest
1323 1784 1362 1826 ex
1380 1765 1412 1826 vi
1434 1765 1631 1845 phantesice;

49 1871 121 1914 nniu
135 1861 219 1916 certo
242 1855 386 1918 credatur
408 1856 493 1918 brevi
517 1857 707 1934 moriturus3
732 1858 810 1918 utie
859 1855 944 1917 unde
972 1855 1075 1937 ergo?
1103 1856 1242 1936 Denique
1269 1858 1428 1937 sequitur,
1457 1859 1541 1937 qnod
1568 1875 1633 1919 non

49 1946 188 2008 conviviis
200 1949 348 2010 tredecim
361 1949 395 2008 in
410 1948 522 2010 ultima
533 1951 618 2011 Cena
629 1968 711 2010 unus
726 1969 809 2012 mor·
860 1948 1031 2028 explorem,
1043 1947 1162 2029 quaesit
1172 1949 1250 2010 hora
1262 1949 1296 2010 iu
1309 1945 1462 2030 tempore,
1475 1951 1633 2030 sedquam

47 2040 181 2117 tuusest,
196 2058 308 2120 nempe
326 2041 479 2111 Christus,
497 2042 669 2104 autiudas.
683 2045 712 2104 5.
729 2045 811 2104 Pon·
859 2039 938 2100 hora
960 2042 1039 2103 mihi
1061 2042 1225 2121 imaginor,
1245 2043 1277 2104 id
1291 2048 1398 2104 autem
1417 2061 1482 2104 non
1496 2048 1542 2106 est
1555 2060 1633 2123 opus

47 2127 271 2212 derealirproad
280 2133 387 2194 funem
394 2134 554 2213 suspensio
564 2135 645 2196 inter
654 2136 809 2215 pollicem,
861 2133 1022 2214 explorare
1030 2134 1123 2215 pulsu
1137 2135 1258 2212 annuli,
1274 2136 1328 2196 sed
1339 2136 1398 2196 hoc
1411 2136 1525 2196 certius
1539 2136 1634 2198 sciam

45 2227 73 2282 et
92 2223 229 2286 indicem
249 2226 422 2306 explorare,
437 2233 534 2306 quota
555 2227 595 2288 sit
616 2228 705 2305 hora,
722 2229 812 2291 toties
860 2225 1046 2288 reflectendo
1074 2245 1125 2288 me
1152 2245 1246 2308 supra
1272 2246 1376 2289 meam
1405 2228 1632 2308 phantasiam,

46 2315 122 2376 enim
141 2318 257 2380 dicitur
269 2318 377 2398 pulsus
388 2319 458 2380 dari
472 2321 512 2380 ad
529 2319 610 2381 latus
628 2322 730 2382 vasis:
746 2340 810 2384 esse
861 2336 935 2398 ergo
948 2325 1039 2381 tuum
1059 2321 1309 2400 experimentum
1334 2327 1380 2382 ast
1398 2322 1490 2402 plane
1508 2322 1631 2391 inutile,

43 2415 140 2470 auam
161 2412 410 2491 superstitiosum
424 2412 536 2474 evincit
549 2414 630 2494 lupo
648 2432 704 2475 sua
717 2433 809 2494 expe·
860 2415 892 2470 et
907 2429 1036 2472 vanum.
1058 2413 1086 2472 6.
1112 2411 1200 2473 Nolle
1221 2412 1270 2473 die
1289 2414 1388 2474 Luna
1415 2413 1533 2492 aliquid
1558 2415 1634 2476 dare

43 2499 156 2579 nentis,
180 2504 229 2564 nti
250 2503 344 2566 refert
357 2505 466 2566 Tamb.
492 2504 515 2566 i.
531 2506 562 2566 2.
575 2524 600 2566 e.
617 2507 647 2567 6.
662 2506 691 2585 ξ.
709 2527 741 2567 c.
758 2510 808 2570 39.
860 2507 982 2581 mutuo,
998 2504 1071 2584 quia
1087 2504 1184 2565 credit
1196 2523 1261 2565 non
1271 2504 1409 2568 itnfacile
1421 2506 1630 2568 reddendum:

42 2595 302 2676 confirmatquen.
323 2599 372 2659 79.
389 2616 427 2659 ex
442 2597 600 2660 baldelet
613 2598 678 2660 Del.
697 2599 811 2679 Sporer
861 2593 936 2656 item
963 2596 1046 2657 nolle
1074 2596 1122 2658 die
1147 2596 1252 2659 Martis
1278 2597 1337 2658 iter
1363 2597 1511 2679 incipere,
1538 2617 1578 2659 ne
1598 2599 1632 2659 in

42 2703 159 2767 quoqrre
182 2697 225 2750 tr.
249 2692 278 2750 1.
301 2709 327 2751 c.
344 2692 373 2752 5.
399 2709 430 2750 ra.
447 2691 497 2750 2⁹2.
513 2690 627 2752 fatetur
647 2709 679 2752 se
699 2693 811 2771 saepius
861 2687 1114 2750 militesincidat:
1129 2688 1436 2750 itemnolleneredie
1450 2689 1587 2752 Sabbati.
1599 2693 1630 2752 7.

40 2795 127 2840 usum
141 2780 308 2858 bonafide,
325 2782 379 2844 sed
391 2781 498 2843 audita
507 2782 696 2864 experientis
708 2785 810 2863 Lugc-
861 2779 989 2841 Subdita
1003 2781 1132 2843 reddere
1142 2782 1234 2859 vires,
1247 2781 1296 2843 vel
1314 2781 1477 2844 sanitatem
1490 2783 1632 2844 insuffla-

41 2869 84 2930 nis
95 2872 245 2949 damnat;
261 2880 292 2934 et
310 2875 410 2949 addit;
435 2873 513 2934 Aliis
532 2894 612 2954 erpo,
630 2883 658 2936 et
676 2877 806 2938 maxime
859 2870 897 2932 lis
919 2873 1105 2950 qrribusdam
1124 2873 1226 2935 verbis
1245 2873 1279 2933 in
1300 2892 1419 2935 aurem.
1443 2877 1472 2937 8.
1490 2876 1633 2939 Reddere

39 2961 107 3041 itta,
124 2967 245 3046 quibus,
261 2975 294 3027 ut
312 2965 388 3028 idem
405 2967 623 3047 experirentur,
643 2967 810 3049 imprudens
860 2981 951 3024 canes
960 2970 1063 3026 mutos
1070 2965 1243 3042 insufflatis,
1255 2965 1435 3046 velprolatis
1445 2966 1505 3027 illis
1512 2968 1631 3030 verbis:

38 3058 220 3138 acccersiit,
243 3058 313 3140 jam
333 3059 475 3140 poenitens
501 3057 663 3120 diuuadeo.
694 3060 810 3122 Dicunt
860 3057 893 3114 in
908 3075 1000 3133 ccmo,
1016 3065 1045 3118 et
1057 3055 1155 3135 fraeno
1170 3055 1312 3119 marilias
1332 3076 1432 3118 coram
1447 3065 1631 3140 constringa:

36 3145 129 3228 aliqui
149 3151 212 3211 hoc
237 3169 333 3212 ossea
350 3150 443 3230 pulsu
465 3151 596 3226 arteria,
627 3153 681 3212 sed
702 3158 810 3214 contra
860 3146 936 3208 item
957 3149 1007 3209 isti
1025 3147 1131 3210 sistere
1157 3149 1365 3228 sangninem:
1395 3149 1503 3212 Libera
1526 3170 1571 3212 rna
1597 3150 1633 3213 de

37 3245 89 3316 est,
104 3261 182 3303 nam
197 3243 303 3323 pulsus
317 3243 437 3304 arteriae
450 3248 496 3303 est
509 3248 662 3313 constans,
679 3250 710 3304 et
717 3251 809 3306 natu·
860 3239 1068 3320 conquiritur:
1084 3242 1161 3303 item
1174 3241 1243 3319 illis,
1266 3241 1358 3304 Vardo
1367 3261 1437 3303 raro
1451 3241 1630 3322 factumest,

34 3333 116 3408 ralis,
138 3335 318 3397 numeratio
339 3340 444 3396 numm
466 3336 627 3406 horarum,
648 3353 677 3396 v.
701 3353 730 3415 g.
743 3336 809 3417 pri-
860 3333 939 3394 velle
965 3333 1094 3394 reddere
1119 3339 1244 3414 partum
1268 3334 1414 3396 felicem:
1444 3336 1518 3396 item
1547 3336 1631 3398 illis:

35 3441 105 3503 ma,
121 3435 171 3488 est
184 3427 358 3503 arbitraria,
375 3432 477 3507 posset
498 3428 581 3489 enim
596 3429 755 3489 numerari
768 3430 809 3492 ab
863 3423 1104 3488 Consummntom
1124 3434 1177 3503 ast,
1201 3445 1310 3488 sanare
1332 3427 1509 3490 luxationes
1536 3447 1632 3508 equo-

33 3525 114 3596 ortu,
137 3521 192 3581 vel
215 3539 324 3582 occasu
342 3519 433 3596 Solis,
460 3524 491 3580 et
508 3538 564 3599 per
587 3521 729 3582 accidens
751 3527 807 3601 ast,
860 3535 949 3579 rum:
977 3519 1055 3580 item
1079 3518 1140 3579 illis
1166 3519 1334 3581 inaurem
1360 3520 1525 3582 insufflatis
1551 3522 1631 3584 velie

33 3612 115 3688 quod
141 3613 230 3692 apud
256 3631 313 3674 nos
337 3617 520 3672 numeretur
541 3617 725 3692 atempcre,
747 3632 809 3692 quo
861 3610 994 3672 excitare
1015 3611 1208 3672 laborantem
1233 3613 1344 3674 morbo
1365 3613 1491 3689 caduco,
1507 3632 1524 3674 o
1540 3611 1633 3675 Crac-

32 3703 84 3764 Sol
106 3713 183 3785 post
205 3706 315 3766 horam
339 3705 462 3766 transiit
487 3703 712 3783 Meridianum,
737 3725 809 3786 ergo
861 3706 933 3763 turc
954 3702 1013 3764 Dei
1036 3712 1176 3764 mamardo
1202 3701 1350 3765 Crantoris
1373 3708 1429 3765 tui.
1452 3706 1482 3765 9.
1511 3704 1544 3765 Si
1559 3706 1629 3784 quis

32 3813 104 3857 eum
128 3799 249 3859 arteria
275 3803 354 3858 esset
380 3797 540 3877 pulsatura
565 3798 676 3858 eodem
703 3799 807 3875 modo,
861 3800 1039 3855 orotcertas
1058 3813 1175 3874 preces,
1190 3801 1226 3855 ut
1244 3796 1394 3874 Christus,
1410 3799 1444 3857 B.
1464 3797 1569 3876 Virgo,
1584 3799 1634 3860 vel

29 3887 268 3952 licethomines
288 3890 414 3964 vellent,
431 3889 580 3969 ntprima
594 3889 684 3951 aliter
698 3909 808 3952 nume·
860 3885 996 3966 Angelus
1022 3887 1080 3948 sibi
1106 3893 1253 3967 appareat
1279 3888 1313 3948 in
1338 3893 1464 3961 morte,
1502 3890 1633 3952 omnino

30 3988 169 4059 roratur,
199 4001 263 4044 non
290 3987 391 4062 potest
416 3999 481 4042 esse
506 3981 545 4042 ab
571 3983 696 4059 arteria,
725 3983 810 4062 quod
861 3984 944 4040 certo
957 3983 1070 4059 putans
1090 3997 1142 4040 eos
1156 3980 1361 4059 appariturae.
1378 3983 1427 4042 10.
1445 3981 1631 4062 Gertasper·

28 4093 115 4138 nunc
129 4075 662 4155 sonetprima.Deindenonpotest
676 4076 809 4150 ostendi,
862 4090 911 4132 ces
936 4089 1036 4148 crare,
1061 4072 1111 4132 vel
1135 4071 1295 4133 schedulas
1322 4073 1530 4151 circunderre,
1560 4093 1633 4136 cum

29 4185 102 4228 cum
126 4167 257 4244 arteria,
283 4167 407 4248 quando
431 4172 476 4227 est
500 4167 611 4246 prima,
636 4166 688 4228 det
708 4168 812 4246 potius
863 4169 945 4224 certa
957 4163 1081 4233 fidncia,
1097 4181 1129 4224 se
1142 4163 1213 4224 ideo
1228 4183 1292 4224 non
1314 4165 1501 4226 moriturum
1515 4165 1629 4246 subito,

28 4279 145 4336 unum,
175 4279 271 4340 msam
291 4261 379 4336 duos,
402 4265 456 4321 aut
472 4265 535 4320 tres
555 4259 672 4338 pulsus,
690 4278 811 4340 semper
862 4255 912 4316 vel
932 4257 998 4317 sine
1011 4254 1213 4317 confessione.
1236 4258 1286 4317 11.
1303 4257 1427 4318 Folium
1441 4258 1547 4319 trifolii
1561 4279 1632 4339 ges-

27 4353 116 4413 enim
139 4352 305 4433 aeqnaliter
322 4356 465 4414 movetur
487 4351 724 4431 per-impulsum
739 4369 812 4413 san-
862 4353 928 4408 tare
942 4349 982 4409 ad
999 4347 1179 4409 felicitatem
1196 4349 1432 4410 conciliandam.
1455 4352 1504 4412 tl.
1521 4353 1634 4432 AEgro-

25 4446 150 4524 guinis.
189 4445 250 4506 Alii
281 4445 388 4506 dieunt
419 4443 622 4524 provenirea
654 4444 814 4524 speciebus
863 4440 956 4502 tantis
969 4441 1047 4502 lecto
1061 4458 1235 4520 supponere
1256 4447 1352 4502 certas
1371 4443 1494 4520 herbas,
1508 4463 1549 4506 ne
1563 4446 1634 4507 des·

22 4539 317 4618 phantasiae,q1ue
344 4545 468 4598 moveat
495 4537 701 4614 sanguinem,
731 4542 762 4597 et
778 4536 811 4596 id
863 4539 950 4614 peret
968 4533 1002 4594 in
1019 4551 1130 4613 agone.
1154 4535 1202 4594 13.
1231 4533 1368 4596 Schedas
1389 4534 1534 4615 profanas
1554 4537 1636 4600 infra

22 4633 177 4694 evenisse
202 4629 330 4712 Luperci,
360 4630 414 4709 qui
440 4636 510 4690 tum
531 4628 657 4690 tenebat
690 4628 812 4690 Italiam
866 4625 961 4686 limen
974 4625 1085 4686 stabuli
1098 4626 1264 4707 deponere,
1276 4632 1312 4686 ut
1320 4645 1432 4708 pecora
1442 4630 1636 4692 transeuntia

21 4741 83 4804 per
97 4725 204 4797 diem,
219 4728 250 4783 et
263 4729 398 4799 noctem,
413 4721 487 4782 hinc
501 4720 594 4782 etiam
605 4719 675 4781 fieri
688 4725 813 4782 tantum
865 4735 958 4779 omne
982 4718 1103 4779 malum
1123 4718 1249 4778 evitent.
1286 4721 1335 4781 n.
1364 4717 1478 4781 Potare
1505 4722 1635 4785 domum

20 4815 58 4877 in
81 4814 275 4895 sanguineis
294 4813 564 4876 calido-humidis:
592 4811 686 4874 talem
706 4818 811 4874 autem
865 4811 982 4871 muniri
990 4815 1096 4872 contra
1105 4809 1236 4888 fulmen,
1248 4811 1329 4874 sidie
1340 4813 1519 4892 palmarum
1528 4833 1634 4878 ramus

22 4926 94 4970 esse
111 4909 188 4968 vim
206 4905 377 4987 phantasia
400 4905 511 4967 docent
531 4904 664 4980 Medici;
690 4923 764 4964 nam
788 4905 814 4966 si
866 4903 978 4982 palmae
998 4908 1046 4964 ter
1069 4903 1313 4979 circumferatur,
1341 4910 1370 4966 et
1391 4911 1478 4968 extra
1504 4907 1635 4970 domum

20 5005 171 5082 tangant
193 4999 337 5060 arteriam
355 4997 439 5074 Titii,
465 5002 496 5058 et
513 4995 671 5077 proferant
684 4997 813 5058 nomina
863 4995 1068 5074 relinquatur.
1089 4997 1140 5055 td.
1164 4995 1295 5057 Credere
1320 4996 1451 5075 gallinas
1470 4997 1536 5060 iore
1558 4999 1634 5062 libe-

20 5095 111 5176 Caji,
154 5096 189 5153 et
223 5089 413 5171 Sempronii,
452 5089 632 5168 dignoscere
664 5095 810 5169 possunt,
864 5105 914 5148 ras
936 5087 975 5148 ab
996 5087 1150 5167 accipitre,
1176 5087 1202 5148 si
1221 5087 1369 5168 primum,
1394 5090 1477 5167 quod
1501 5098 1633 5170 ponunt,

17 5205 128 5268 quem
151 5201 266 5246 eorum
282 5183 381 5258 magm
402 5187 496 5255 amet,
511 5182 561 5243 vel
575 5181 685 5243 oderit.
702 5179 812 5242 Contra
865 5197 959 5240 ovum
981 5180 1071 5241 detur
1084 5180 1226 5260 pauperi.
1243 5183 1293 5242 16.
1310 5181 1497 5244 Conservam
1512 5200 1571 5245 ova
1585 5185 1634 5248 die

17 5287 77 5356 est,
100 5277 200 5340 unde
220 5274 366 5337 suntillae
388 5275 503 5356 species
517 5273 532 5334 l
548 5275 596 5337 An
613 5272 748 5334 hriusae?
770 5290 811 5335 an
863 5270 992 5333 Veneris
1025 5276 1131 5332 saneto
1171 5271 1271 5352 posite
1304 5273 1343 5334 ad
1378 5274 1635 5354 restinguendum

15 5368 228 5453 aequisita?
248 5376 280 5429 et
298 5386 354 5448 per
371 5385 448 5447 quos
465 5365 580 5428 actast
601 5365 717 5426 Deinde
734 5365 761 5424 si
774 5364 815 5424 sit
864 5361 1050 5429 incendium
1072 5365 1122 5425 17.
1136 5363 1258 5426 Frioare
1272 5365 1390 5442 dentes,
1401 5367 1451 5428 vel
1463 5369 1635 5433 oculossub

16 5465 109 5528 horn
125 5460 283 5537 secunda,
298 5465 329 5522 et
339 5459 405 5540 ipse
419 5458 578 5540 aequaliter
591 5457 718 5535 nesciat,
734 5456 812 5518 sitne
865 5455 1050 5532 elevatione,
1076 5461 1112 5516 ut
1130 5455 1219 5517 dolor
1239 5456 1391 5536 dentium,
1407 5459 1455 5522 vel
1474 5461 1635 5526 cordarum

205 5555 281 5639 ron.
305 5577 328 5638 1.
1497 5579 1536 5639 aa
