3976 6342
349 433 361 494 -Ι
371 433 406 492 la
958 425 1074 490 LIBER.
1091 425 1325 491 ruobbertus

348 600 491 661 veritates
501 600 615 660 rationi
624 599 767 678 subjectae
781 601 891 673 esseut,
901 596 949 658 rel
959 595 1039 657 ratio
1051 595 1114 656 suis
1167 599 1245 655 tates
1259 600 1290 655 et
1303 593 1512 657 conclusiones
1532 597 1575 657 ita
1593 603 1696 674 certae,
1721 601 1757 658 ut
1776 595 1911 678 opiniones

348 692 503 754 tiribuset
513 691 672 773 principiis
681 695 783 772 posset
792 691 936 770 consequi
945 689 1116 768 intelligen·
1166 688 1282 750 eisdem
1307 689 1454 750 doctrinm
1483 687 1634 770 capitibus
1657 691 1803 769 adversa,
1822 709 1910 773 quum

347 785 424 846 tiam
438 791 468 846 et
477 785 633 847 scientiam
649 786 790 846 omnium
807 797 1013 863 supernarum
1027 800 1114 843 sanc·
1166 797 1260 860 quam
1283 781 1426 843 hereticas
1448 783 1507 844 dici
1531 789 1698 863 nequeant,
1718 791 1822 847 tamen
1837 787 1911 849 aliam

349 879 474 940 tissime
496 879 569 939 fidei
586 883 700 940 nostrae
722 877 888 938 veritatum
908 881 938 937 ct
956 875 1116 956 mysterio-
1166 873 1369 954 theologicam
1383 887 1544 937 merentur
1552 895 1726 940 censuram.
1737 879 1912 960 ltaquehaud

348 988 430 1043 rum,
447 988 517 1050 qum
527 971 569 1030 ita
581 989 675 1050 supra
686 969 857 1030 humanam
868 970 1021 1030 rationem
1031 972 1113 1044 sunt,
1166 967 1379 1030 existimamus
1397 969 1490 1046 viros,
1504 970 1559 1049 qui
1573 977 1814 1032 commemorato
1826 973 1912 1034 blora·

349 1069 384 1125 ut
395 1064 461 1124 haec
482 1078 645 1143 nunquam
664 1061 744 1123 effici
762 1062 858 1141 possit
876 1061 987 1121 idonea
1003 1060 1042 1120 ad
1063 1060 1116 1122 illa
1166 1061 1248 1121 censi
1261 1059 1429 1124 interfuere
1443 1064 1913 1144 conventui,ullomodopotuisse
1979 1145 1980 1148 Ἴ

349 1157 412 1218 suis
437 1156 556 1217 viribus
578 1162 609 1217 et
629 1173 668 1216 ex
693 1153 886 1214 naturalibus
911 1155 973 1214 suis
998 1153 1114 1233 princi·
1165 1157 1220 1214 aut
1232 1153 1363 1215 voluisse
1378 1155 1500 1217 obstare
1514 1156 1661 1217 doctrinae
1673 1175 1775 1237 nuper
1790 1157 1913 1237 exposita
1978 1173 1980 1258 q

350 1250 409 1334 piis
421 1249 631 1329 intelligenda,
648 1253 703 1308 aut
716 1247 967 1308 demonstranda.
1166 1263 1235 1325 quae
1259 1265 1297 1308 ex
1313 1263 1395 1308 verm
1420 1249 1564 1328 thologiae
1574 1251 1733 1330 principiis
1751 1250 1785 1310 in
1805 1250 1915 1312 Ecclesia

388 1341 533 1421 Ejusdem
544 1359 617 1402 vero
636 1345 805 1402 conventus
826 1340 908 1400 viros
926 1337 1036 1400 debitis
1048 1357 1117 1419 pro·
1165 1340 1327 1415 retinetur,
1350 1341 1404 1419 qni
1420 1340 1518 1402 immo
1538 1359 1575 1402 ea
1595 1342 1707 1404 liducia
1729 1347 1915 1404 sustentamur

348 1433 1114 1514 sequimurlaudihus,proptereaquodrojicieutes,
1166 1430 1230 1492 lore
1243 1437 1279 1492 ut
1288 1432 1347 1512 ipsi
1357 1433 1390 1492 lu
1402 1435 1606 1496 sevcrioribus
1615 1436 1791 1497 excolendis
1802 1435 1914 1518 discipli·

348 1529 393 1588 uti
406 1527 629 1602 existimamus,
644 1525 751 1586 falsam
761 1525 843 1585 inter
856 1525 1075 1605 philosophum
1086 1532 1117 1586 et
1166 1524 1214 1584 nis
1227 1524 1323 1585 velint
1336 1525 1376 1586 ud
1388 1527 1562 1588 enunciutae
1576 1527 1728 1590 doctrinm
1740 1547 1877 1590 normam
1891 1548 1914 1592 se

348 1619 575 1700 philosophiam
598 1617 838 1693 distinctionem,
860 1618 898 1677 de
919 1633 981 1696 quc
1001 1617 1035 1676 in
1049 1617 1116 1678 aliis
1165 1612 1330 1696 diligenter
1353 1618 1558 1681 conformare.
1587 1622 1662 1695 Quae
1688 1621 1799 1682 Nostra
1822 1621 1915 1683 fiducia

350 1713 467 1772 Nostris
487 1712 596 1772 litteris
616 1709 655 1771 ad
667 1717 698 1770 te
717 1711 838 1790 scriptis
850 1708 972 1788 loquuti
996 1725 1113 1784 sumus,
1166 1713 1336 1786 praesertim
1367 1711 1477 1772 nititur
1503 1713 1540 1772 iis
1559 1713 1688 1789 litteris,
1711 1732 1788 1794 quas
1810 1733 1861 1795 per
1882 1721 1913 1792 te,

348 1811 502 1866 noverunt
515 1811 545 1865 et
560 1807 760 1864 asseruerunt
777 1819 885 1862 omnes
905 1801 1070 1862 catholicos
1083 1802 1115 1862 in
1165 1801 1355 1864 Venerabilis
1379 1804 1495 1881 Frater,
1519 1805 1616 1868 Nobis
1629 1807 1794 1868 miserunt.
1818 1808 1848 1868 Si
1861 1809 1915 1886 qoi-

347 1899 444 1960 doctis
458 1897 522 1958 suis
535 1894 849 1958 commentationibus
863 1894 974 1954 debere
988 1911 1027 1954 ex
1041 1913 1115 1955 con·
1166 1893 1237 1954 dem
1251 1895 1367 1956 eisdem
1380 1893 1491 1956 litteris
1502 1915 1575 1958 cum
1590 1915 1713 1960 summa
1728 1897 1825 1960 animi
1834 1899 1915 1960 Nostri

348 1985 1011 2070 scientiadogmaticistntaihmittscatholtoa
1017 1989 1117 2049 Eccle-
1166 1987 1372 2048 consolatione
1386 1987 1445 2069 ipsi
1458 1989 1655 2069 profitentur,
1671 1991 1730 2053 sibi
1750 1994 1784 2052 in
1799 1993 1915 2072 cogendo

347 2086 400 2145 siae
414 2085 538 2146 obedire
557 2082 698 2144 decretis.
727 2082 808 2140 Dum
830 2096 903 2140 vero
928 2079 1044 2140 debitas
1057 2081 1117 2142 illis
1167 2085 1322 2139 conventu
1335 2085 1474 2142 mentem
1496 2101 1658 2162 nunquam
1678 2083 1771 2145 htisse
1785 2085 1916 2146 velmiui-

347 2177 513 2239 deferimus
523 2176 640 2250 laudes,
656 2174 738 2252 quod
747 2169 875 2252 professi
886 2173 947 2232 sint
955 2173 1116 2233 veritatem
1167 2188 1252 2232 mam
1278 2171 1336 2232 sibi
1363 2189 1507 2254 arrogare
1541 2179 1773 2250 auctoritatem,
1800 2179 1915 2258 queat

349 2291 419 2353 quaa
434 2287 472 2331 ex
487 2267 644 2330 catholicae
658 2265 731 2327 lidei
745 2265 932 2343 obligatione
946 2267 1116 2328 necessario
1167 2264 1619 2347 Ecclesiamomninopcrtinet,
1635 2287 1670 2330 ac
1680 2269 1775 2331 simul
1787 2275 1916 2332 testamur

347 2366 456 2436 oritur,
479 2361 663 2442 persuadere
684 2358 778 2419 Nobis
797 2357 952 2434 volumus,
983 2359 1117 2420 noluisse
1167 2355 1302 2417 noluisse
1316 2359 1462 2420 cumdem
1476 2361 1631 2422 dimittere
1645 2367 1841 2438 conventum,
1856 2365 1915 2444 quin

348 2456 581 2536 obligationem,
594 2471 657 2532 qua
671 2451 811 2512 catholici
823 2451 961 2530 magistri
974 2470 1009 2513 ac
1025 2453 1118 2532 scrip-
1167 2450 1303 2527 primum
1323 2451 1514 2514 declararent
1530 2471 1685 2516 summam
1696 2455 1914 2529 observantiam,

348 2557 430 2614 tores
450 2549 578 2609 omnino
597 2545 841 2622 adstringuntur,
867 2549 1004 2604 coartare
1027 2545 1060 2604 in
1080 2546 1117 2606 iis
1166 2541 1389 2618 obedientiam,
1401 2563 1437 2605 ac
1451 2545 1578 2608 filialem
1591 2549 1748 2627 pietatem,
1766 2551 1916 2629 quaNoset

347 2649 469 2705 tanam
482 2656 552 2720 quae
569 2638 609 2700 ab
624 2636 787 2697 infalliibili
802 2635 922 2696 Ecclstae
933 2637 1049 2713 judicio
1063 2655 1117 2699 vc·
1167 2633 1247 2694 hanc
1260 2635 1340 2696 Petri
1362 2638 1539 2699 cathedram
1553 2640 1710 2702 catholicae
1725 2644 1848 2704 uniatis
1860 2661 1916 2705 een·

347 2737 405 2797 luti
418 2734 489 2795 ildei
505 2733 650 2810 dogmata
668 2731 707 2790 ab
722 2727 867 2792 omnibus
880 2729 1030 2789 credenda
1043 2747 1114 2809 pro·
1166 2731 1249 2787 trum
1265 2735 1505 2809 prosequuntur.
1526 2733 1604 2794 Cum
1617 2734 1717 2814 igitur
1737 2736 1821 2798 hisee
1838 2737 1915 2798 sensi

347 2833 519 2909 ponuntur.
539 2827 639 2903 htque
654 2823 746 2882 etiam
769 2821 863 2882 Nobis
881 2822 1112 2900 persuademus,
1166 2818 1225 2879 bus
1238 2836 1418 2900 supremam
1434 2825 1575 2885 Nostram
1598 2832 1629 2887 et
1647 2829 1828 2908 apostolicas
1841 2829 1916 2908 hnjns

347 2923 429 3000 ipsos
442 2917 576 2980 nolitisse
591 2915 756 2982 declarare,
771 2911 938 2993 perlectam
947 2911 1032 2974 iliam
1042 2933 1115 2994 crgo
1167 2912 1253 2972 Sedis
1270 2919 1464 2992 potestatem,
1485 2919 1764 3000 auctoritatemque
1782 2922 1917 3002 ipsimae

347 3013 498 3074 revelatas
511 3009 655 3069 veritates
671 3005 893 3078 adhaesionem,
910 3021 1004 3084 quam
1017 3023 1113 3085 agno·
1167 3015 1327 3082 gnoscant,
1345 3023 1381 3066 ac
1400 3007 1494 3068 simul
1509 3009 1696 3089 intelligant,
1718 3013 1916 3092 gravissimum

349 3109 462 3168 venuit
477 3101 682 3164 necessariam
706 3098 835 3158 omnino
860 3113 924 3158 esso
943 3098 982 3158 cd
1005 3117 1114 3161 vcrom
1167 3096 1302 3158 cilicium
1316 3097 1410 3159 Nobis
1428 3100 1467 3160 ab
1490 3100 1556 3182 ipso
1576 3103 1695 3165 Christo
1710 3106 1839 3166 Domino
1852 3123 1917 3168 com·

347 3197 544 3259 scientiarum
555 3207 753 3273 progressum
766 3190 1002 3269 assequendum,
1026 3197 1056 3252 at
1075 3193 1113 3254 ad
1166 3189 1294 3250 missum
1321 3192 1449 3270 regendi
1483 3211 1517 3253 ac
1551 3195 1734 3257 moderandi
1759 3198 1916 3259 universam

347 3306 467 3351 errores
481 3284 694 3360 confutandos,
709 3281 842 3344 obtineri
862 3299 960 3362 posse,
982 3284 1007 3344 si
1023 3286 1114 3346 dum·
1166 3295 1254 3342 suum
1277 3282 1453 3356 Ecclesiam,
1474 3303 1509 3344 ac
1529 3288 1675 3364 pascendi
1698 3306 1824 3352 omnem
1840 3307 1916 3353 suum

348 3389 434 3445 taxat
444 3377 640 3460 dogmatibus
653 3377 693 3437 ab
707 3375 839 3438 Ecclesia
849 3391 991 3455 expresse
1005 3377 1114 3439 delini-
1165 3389 1292 3453 gregem
1308 3375 1450 3436 saltatoris
1468 3377 1615 3440 doctrinae
1635 3383 1768 3460 pascum
1793 3388 1822 3444 et
1839 3385 1917 3445 conti

347 3479 386 3540 tis
406 3474 483 3536 tides
504 3477 535 3533 at
557 3469 740 3549 obsequium
756 3467 949 3528 adhibeatur.
976 3469 1116 3550 Namque
1166 3473 1276 3528 neuter
1288 3467 1489 3546 advigilandi,
1502 3487 1543 3531 ne
1564 3473 1755 3535 sanctissima
1769 3475 1843 3538 fides
1855 3477 1917 3557 ejus

350 3569 469 3632 etiamsi
483 3571 627 3645 ageretur
641 3562 679 3622 de
693 3561 746 3621 illa
754 3560 941 3638 subjectione
956 3579 1025 3639 qna
1044 3562 1116 3624 lidei
1165 3573 1226 3638 quc
1250 3559 1389 3621 doctrina
1417 3561 1518 3622 ullum
1545 3581 1687 3644 unquam
1715 3569 1916 3632 detrimentum

347 3662 459 3725 divinae
473 3665 544 3720 actu
558 3661 604 3717 est
621 3653 806 3735 praestanda,
828 3652 990 3713 limitanda
1009 3659 1116 3716 tamen
1165 3652 1310 3731 patiatur,
1335 3652 1477 3714 dubitare
1495 3671 1559 3715 non
1585 3675 1760 3736 possumus,
1784 3663 1855 3742 quin
1871 3661 1916 3742 ipsi

347 3772 411 3817 non
442 3757 521 3814 esset
538 3747 578 3810 ad
597 3765 633 3808 ea
653 3763 723 3826 quas
741 3743 891 3824 expressis
913 3747 1117 3807 oecumauicc-
1165 3742 1369 3804 severioribus
1383 3745 1553 3825 disciplinis
1567 3749 1750 3822 excolendis,
1765 3755 1914 3830 nudantis,

346 3865 419 3911 rum
442 3843 645 3907 conciliorum
670 3844 725 3900 aut
748 3837 958 3898 Romanorum
988 3839 1114 3900 Pontifl·
1165 3853 1307 3916 sanaeque
1325 3837 1474 3898 doctrina
1492 3840 1613 3902 tuendae
1632 3859 1761 3922 operam
1775 3851 1914 3921 natantes,

347 3959 429 4014 cum,
463 3938 618 4015 hujusque
650 3930 832 4011 Apostolicae
868 3929 954 3990 Sedis
987 3931 1116 3993 decretis
1165 3943 1229 3987 unc
1244 3928 1414 4008 eodemque
1428 3934 1569 4010 tempore
1583 3943 1762 4013 agnoscant,
1781 3939 1915 4000 sedebam

347 4032 473 4097 delinita
496 4032 579 4094 sulit,
604 4023 656 4085 sed
676 4023 715 4084 ad
734 4041 770 4083 ea
784 4039 908 4101 quoque
922 4021 1117 4086 extendenda
1165 4025 1197 4080 et
1214 4021 1354 4100 religiose
1377 4025 1503 4100 exsequi
1521 4027 1643 4104 regulas
1657 4028 1696 4088 ab
1711 4030 1841 4094 Ecclesia
1853 4047 1915 4093 sem-

347 4143 417 4206 quae
430 4119 586 4183 ordinario
599 4117 696 4177 totius
710 4115 851 4176 Ecclesiac
865 4131 920 4194 per
934 4115 1042 4176 orbem
1054 4115 1115 4177 dis·
1165 4129 1222 4192 per
1229 4119 1373 4189 servatas,
1389 4119 1420 4173 ct
1434 4114 1559 4177 obedire
1571 4119 1718 4182 omnihus
1728 4123 1915 4193 decretisque

347 4233 444 4298 persae
457 4211 634 4286 magisterio
647 4215 797 4286 tanquam
818 4207 965 4266 divinitus
983 4208 1116 4268 revelata
1166 4205 1246 4264 circa
1258 4206 1430 4266 doctrinam
1446 4225 1465 4268 a
1483 4207 1633 4288 Suprema
1653 4213 1764 4276 Nostra
1779 4216 1915 4279 Pontificio

347 4310 530 4381 traduntur,
553 4303 685 4380 ideoque
706 4299 873 4360 ttnirersali
901 4304 931 4359 ct
964 4301 1116 4360 constanti
1166 4298 1345 4358 auctoritate
1360 4299 1506 4361 eduntur.

348 4415 497 4464 consensu
511 4394 694 4457 acatholicis
708 4391 858 4471 theologis
872 4391 912 4451 ad
926 4391 1022 4452 finem
1043 4411 1113 4472 per·
1207 4389 1276 4451 Hac
1290 4397 1394 4451 atatem
1409 4394 1513 4453 omnia
1530 4391 1585 4452 tibi
1607 4400 1874 4478 communicamus,
1888 4419 1915 4460 ac

346 4497 445 4558 tinere
457 4491 643 4553 retinentur.
653 4485 711 4548 Sed
727 4501 798 4546 cum
811 4485 964 4563 agaturdc
976 4484 1028 4544 illa
1040 4484 1113 4545 sub·
1164 4501 1360 4563 summopere
1375 4489 1517 4564 optamus
1532 4490 1567 4545 ut
1583 4503 1619 4546 ea
1633 4487 1825 4554 iisomnibus
1836 4493 1913 4571 signi-

343 4588 566 4669 jectione,qum
579 4597 617 4640 ex
630 4576 844 4639 conscientiaii
857 4592 965 4636 omnes
975 4577 1116 4638 catholici
1163 4573 1236 4636 lices
1249 4577 1332 4652 viris,
1349 4577 1403 4655 qui
1416 4577 1451 4637 in
1470 4585 1642 4640 memorato
1660 4593 1817 4647 conventu
1834 4585 1912 4658 litere,

346 4679 580 4755 obstringuntur
594 4669 692 4752 quiin
704 4668 1117 4748 contemplatricesscientias
1164 4667 1250 4744 dum,
1266 4669 1292 4728 si
1306 4673 1517 4748 opportunum
1534 4689 1598 4732 esse
1613 4677 1832 4755 censuerimus,
1846 4676 1912 4738 haud

346 4769 543 4841 incumbunt,
572 4770 608 4824 ut
632 4779 727 4822 novas
750 4761 813 4822 suis
834 4761 953 4840 scriptis
974 4761 1116 4824 Ecclesioe
1164 4761 1343 4820 omittemus
1362 4760 1504 4838 aliatibi,
1520 4769 1552 4824 at
1567 4765 1805 4832 venerabilibus
1818 4769 1913 4833 Fratri·

346 4865 477 4926 afferant
492 4858 649 4932 utihtates,
671 4855 779 4915 iccirco
793 4854 932 4932 ejusdem
946 4859 1116 4914 conventus
1163 4851 1221 4912 bus
1255 4854 1429 4913 Germania
1456 4871 1615 4918 sacrorum
1648 4859 1841 4924 Antistittbus
1866 4862 1912 4922 huc

346 4956 404 5017 viri
417 4965 634 5031 recognoscere
646 4947 770 5020 debent,
786 4945 976 5025 sapientibus
990 4946 1115 5007 catholi·
1163 4960 1256 5023 super
1294 4963 1326 5005 rc
1360 4945 1542 5024 significare,
1578 4956 1743 5031 postquam
1786 4961 1861 5016 tuam
1888 4955 1913 5013 et

346 5051 388 5112 cis
396 5044 560 5110 huudsatis
567 5058 632 5102 csse
639 5044 676 5099 ut
686 5037 813 5119 praelata
822 5038 960 5098 Ecclesia
970 5037 1116 5116 dogmata
1164 5038 1345 5098 eorumdem
1365 5038 1546 5099 Antistitum
1568 5043 1755 5107 sententiam
1776 5047 1911 5110 intellexe-

345 5141 495 5221 recipiant
516 5153 551 5195 oc
570 5135 769 5206 venerentur,
791 5147 902 5191 verum
923 5130 1015 5190 etiam
1038 5147 1115 5211 opus
1163 5129 1261 5190 rimus
1275 5132 1313 5191 de
1325 5131 1504 5210 hujusmodi
1521 5142 1732 5200 conventuum
1752 5137 1909 5222 opportuni·

346 5253 410 5300 esse
424 5237 460 5295 ut
473 5222 982 5304 sesubjicianttumdecisionibus.
997 5224 1115 5302 quoead
1163 5226 1236 5282 tate.
1253 5224 1385 5283 Demum
1399 5223 1583 5302 pastoralem
1592 5231 1681 5290 tuam
1694 5231 1909 5294 sollicitudinem
1973 5245 1975 5304 ι

345 5327 519 5394 doctrinam
528 5317 716 5402 pertinentes
729 5337 748 5379 a
762 5315 930 5402 Pontificiis
943 5317 1115 5394 congrega·
1163 5332 1199 5375 ac
1210 5313 1402 5394 rigilantiam
1416 5317 1528 5378 lterum
1541 5318 1744 5385 vehementer
1754 5325 1906 5392 excitamus,
1973 5309 1975 5433 q

344 5420 482 5486 tionibus
495 5413 707 5495 proferuntur,
721 5409 841 5471 tumiis
864 5409 1012 5468 doctrinae
1030 5409 1113 5487 capi·
1164 5411 1199 5467 ut
1226 5425 1289 5467 una
1318 5425 1390 5468 cum
1418 5407 1486 5468 aliis
1513 5410 1749 5477 venerabilibus
1777 5414 1906 5478 Fratribus
1972 5433 1974 5540 q

1972 5541 1974 5580 Ι

345 5517 440 5590 tlbus,
462 5525 531 5590 que
552 5502 711 5564 communi
729 5507 759 5562 ct
779 5500 930 5563 constanti
944 5499 1112 5560 catholico·
1163 5516 1319 5560 sacrorum
1351 5501 1384 5560 in
1413 5501 1578 5563 Germania
1609 5505 1811 5582 Antistitibus,
1835 5521 1905 5568 curas

346 5624 416 5670 rum
437 5615 587 5664 consensu
603 5595 775 5655 retinentur
789 5600 823 5654 ut
836 5593 1016 5668 theologicae
1029 5593 1110 5652 vori-
1162 5609 1269 5652 omncs
1285 5589 1546 5674 cogitationesrplc
1560 5595 1592 5654 in
1606 5599 1753 5660 brendam
1774 5609 1802 5661 et
1813 5613 1903 5681 propt·
1973 5591 1974 5670 Ϊ
