4112 6344
750 409 863 471 LIBER
885 407 1087 472 SECUNDUS
1655 405 1714 466 ele

122 571 249 634 Utinam
276 578 394 636 cessent
420 573 526 636 omnia
553 578 676 654 peccata
708 573 891 650 hominum,
946 576 1084 636 Teneam
1097 578 1141 650 te,
1159 592 1178 633 ο
1197 591 1286 634 amor
1299 573 1413 634 animae
1427 571 1526 634 merel
1542 569 1717 632 Possideam

120 664 195 743 quia
212 664 269 726 tibi
290 664 411 728 infinite
431 666 515 728 bono
529 666 713 728 malnsunt:
730 666 851 727 utinam
864 672 896 728 tc
944 672 975 728 te
997 667 1031 727 in
1053 666 1157 727 medio
1170 665 1269 726 cordis
1284 665 1357 739 mei,
1379 665 1452 725 Vita
1464 659 1564 735 beata,
1582 661 1717 722 Dulcedo

119 762 271 820 creaturte
294 775 404 820 omnes
430 762 547 833 ament,
580 764 791 827 revereantur,
821 759 896 820 ndo·
945 775 1068 820 summe
1080 759 1195 820 animes
1207 775 1297 819 mea.
1312 756 1348 819 S.
1359 757 1439 838 Aap.
1455 759 1506 818 10.
1521 753 1607 834 Cras.
1623 770 1648 817 c.
1665 755 1716 815 19.

118 854 202 927 rent,
214 856 367 929 quantum
380 857 520 931 possunt,
538 857 569 912 et
585 851 677 912 sicuti
690 859 816 933 propter
828 850 897 911 iufi-
946 852 1072 914 Pondns
1093 869 1211 928 meum,
1236 851 1333 911 Amor
1355 867 1454 927 meus,
1477 845 1718 928 1111111110-

118 942 220 1004 nitem
246 950 334 1004 tuem
360 943 581 1006 Excellentiam
608 943 748 1020 mereris,
776 943 897 1004 utinam
946 961 1079 1024 cumque
1101 943 1194 1006 leror.
1221 941 1258 1006 S.
1280 944 1362 1022 Aac.
1379 943 1428 1004 13.
1446 941 1535 1021 Cons.
1549 959 1575 1002 c.
1591 943 1621 1001 9.
1638 941 1719 1001 Deus

119 1035 154 1096 in
166 1035 313 1098 omuibus
325 1036 493 1116 impleatur
506 1043 561 1097 tus
576 1036 767 1097 sanctissima
779 1035 896 1096 volun·
946 1053 1045 1114 meus,
1061 1037 1157 1096 Amor
1169 1053 1273 1111 meus3
1288 1040 1324 1094 tu
1333 1040 1417 1095 totus
1426 1048 1515 1096 meus
1529 1038 1559 1094 et
1568 1049 1624 1112 ego
1634 1037 1719 1092 totus

119 1131 180 1204 tas,
209 1133 241 1189 et
264 1127 319 1190 fiat
345 1147 478 1209 semper,
506 1129 590 1209 quod
617 1128 672 1190 tibi
696 1127 831 1189 maxime
852 1131 898 1188 est
946 1134 1036 1203 tuns3
1052 1127 1147 1188 dilate
1159 1144 1210 1188 me
1224 1127 1256 1188 in
1266 1144 1385 1204 amore,
1397 1133 1434 1187 ut
1446 1125 1563 1186 discam
1579 1123 1719 1185 interimi

120 1219 283 1298 placitum.
300 1222 347 1282 Ex
360 1220 467 1284 hocin
480 1226 638 1296 memore,
661 1221 705 1280 mi
719 1221 810 1296 Deus,
826 1237 897 1280 amo
947 1219 1049 1282 cordis
1063 1237 1117 1280 ore
1130 1221 1302 1300 degustare,
1327 1237 1421 1298 qnam
1439 1235 1533 1279 suave
1550 1217 1589 1278 sit
1601 1233 1717 1292 amare,

123 1311 258 1391 Angelos
272 1325 303 1373 11
315 1313 458 1376 homines
471 1313 610 1393 ejusdem
625 1329 749 1374 mecum
763 1312 896 1373 beatitu·
947 1317 979 1374 et
1003 1312 1039 1372 in
1065 1331 1171 1373 amore
1196 1311 1365 1390 liquefieri,
1395 1315 1426 1372 et
1452 1315 1583 1384 uatere3
1612 1314 1721 1370 tenear

121 1403 173 1464 nis
186 1421 321 1484 sapaces,
337 1424 408 1467 amo
423 1406 589 1486 meipsum,
603 1405 656 1466 sed
670 1423 792 1484 semper
803 1423 897 1484 prop·
947 1421 1053 1466 amore
1071 1405 1187 1465 vadens
1205 1421 1299 1484 supra
1317 1421 1387 1464 me:
1411 1419 1476 1482 prm
1491 1401 1588 1463 nimio
1600 1401 1721 1462 fervore

122 1499 171 1556 ter
184 1499 227 1572 te,
241 1496 315 1576 quia
327 1502 363 1558 tu
376 1497 498 1559 infinite
518 1497 620 1558 bonus
640 1497 700 1558 hoc
717 1497 775 1573 vis,
798 1501 829 1556 et
842 1495 900 1556 tibi
948 1500 979 1557 et
992 1503 1118 1576 stupore
1142 1501 1265 1557 cantem
1288 1495 1403 1556 amoris
1424 1494 1591 1570 canticum,
1610 1508 1722 1572 sequar

120 1585 183 1648 hoc
204 1587 317 1667 placet,
341 1589 415 1669 qnia
431 1589 619 1652 tibibonnm
633 1594 690 1664 est,
705 1589 789 1668 quod
801 1589 845 1649 ita
859 1587 899 1649 ab
948 1593 979 1650 te
1002 1589 1153 1651 Dilectum
1174 1605 1281 1650 meum
1302 1587 1336 1649 in
1354 1587 1428 1664 alto,
1449 1586 1571 1648 deficiat
1584 1587 1618 1646 in
1632 1586 1722 1646 laude

121 1679 282 1758 omnibus,
304 1687 335 1744 et
351 1683 385 1744 in
404 1681 549 1746 omnibus
566 1681 752 1762 agnoscaris,
773 1679 898 1759 emeris,
949 1687 1003 1743 tua
1016 1683 1119 1742 anima
1133 1699 1214 1759 mea,
1226 1679 1365 1760 jubilans
1378 1697 1417 1741 ex
1431 1695 1557 1754 amore3
1572 1695 1677 1740 amem
1690 1683 1722 1740 te

123 1769 270 1836 lauderis.
950 1775 1116 1856 plusquam
1142 1791 1205 1852 me,
1231 1791 1290 1835 nec
1317 1791 1369 1834 me
1388 1770 1449 1832 nisi
1473 1777 1600 1852 propter
1624 1777 1668 1848 te,
1692 1776 1725 1832 et

435 1889 594 1954 Commo,
950 1885 1058 1929 omues
1081 1865 1115 1928 111
1137 1872 1179 1942 te,
1200 1867 1256 1946 qui
1279 1883 1353 1927 rere
1379 1861 1724 1926 1111111111.Τ111111.111

949 1959 1037 2021 Isem.
1054 1958 1090 2020 de
1109 1959 1184 2020 imit.
1211 1957 1323 2019 Christi
1336 1957 1359 2018 1.
1386 1959 1417 2019 3.
1445 1975 1470 2018 r.
1498 1957 1529 2018 5.
1554 1949 1725 2018 Abscrbeat

28 2051 95 2112 156
165 2041 408 2106 Exboceodem
428 2044 604 2124 miramars,
620 2063 639 2106 o
653 2046 746 2123 Deus,
766 2046 902 2108 detestor
950 2070 1002 2112 me
1028 2069 1133 2132 quaeso
1157 2051 1292 2112 Domine
1316 2050 1363 2111 u's
1388 2049 1499 2128 ignita,
1519 2054 1551 2110 et
1572 2048 1723 2110 melliflua

123 2137 232 2198 omnia
245 2141 380 2218 peccata,
395 2137 470 2218 quia
483 2137 541 2199 tibi
552 2155 675 2201 summe
692 2137 776 2200 bono
794 2139 901 2219 (1111111-
951 2145 1065 2206 amoris
1079 2143 1137 2220 tui,
1152 2147 1188 2204 ut
1199 2159 1306 2204 amore
1319 2141 1435 2203 emeris
1452 2141 1499 2202 tui
1512 2140 1725 2220 morianensis

123 2234 216 2292 cent:
245 2229 335 2292 dolen
370 2229 409 2292 de
435 2229 581 2291 omnibus
603 2249 668 2292 non
689 2235 811 2292 tautum
829 2230 903 2311 quie
951 2251 1056 2296 amore
1070 2233 1184 2294 amoris
1197 2233 1260 2294 mei
1273 2231 1418 2310 dignatus
1431 2247 1464 2291 es
1477 2229 1610 2310 inligno
1624 2227 1724 2291 crucis

123 2322 296 2385 demeritus
313 2340 383 2383 sum
405 2322 547 2402 praemia,
569 2327 600 2383 et
617 2322 730 2399 gratias
741 2329 822 2394 tuas,
836 2339 902 2384 noe
951 2327 1042 2389 mori.
1065 2327 1099 2388 S.
1127 2325 1278 2387 Francise.
1301 2324 1394 2386 Assia.
1419 2324 1443 2384 Ο
1466 2325 1548 2384 llens
1576 2339 1677 2398 meus,
1703 2339 1723 2383 o

123 2419 236 2476 contra
268 2433 287 2476 a
317 2414 424 2476 divine
455 2414 579 2477 lustitia
611 2415 798 2494 promeritus
832 2433 902 2476 sum
951 2420 1051 2482 amira
1069 2419 1158 2499 quies
1172 2419 1270 2480 cordis
1290 2417 1370 2478 meil
1387 2435 1405 2476 ο
1420 2415 1512 2477 ardor
1534 2421 1566 2477 et
1590 2415 1724 2476 suavitas

124 2525 247 2586 poenas,
269 2507 322 2568 sed
348 2506 483 2568 maxime
508 2507 590 2584 ideo,
613 2507 687 2586 quia
707 2507 849 2588 displicui
872 2511 903 2568 11
953 2514 1033 2574 Deus
1048 2529 1137 2573 meus
1151 2515 1182 2572 et
1199 2507 1320 2571 omnini
1344 2507 1437 2570 Idem.
1454 2507 1599 2569 Desidere
1612 2513 1642 2568 te
1657 2507 1725 2568 mil·

124 2599 248 2660 malum
271 2599 329 2660 feci
355 2599 423 2676 tibi,
446 2599 501 2678 qni
521 2599 593 2662 licet
611 2613 669 2660 nee
682 2600 796 2661 ooelum
809 2604 899 2676 esset,
952 2605 1018 2677 lies,
1033 2605 1078 2664 mi
1090 2602 1186 2665 lesu?
1199 2603 1324 2683 quando
1337 2595 1464 2662 venies?
1481 2599 1518 2661 S.
1535 2599 1626 2660 Bere.
1645 2601 1724 2661 Amo

125 2711 187 2754 nec
208 2691 361 2766 infernus,
384 2709 443 2754 neo
462 2691 805 2772 praemiumvelpoena,
823 2697 903 2753 1111·
953 2701 983 2758 te
997 2698 1078 2758 Dens
1090 2713 1179 2761 meus
1193 2701 1224 2756 et
1237 2691 1448 2774 magisIatque
1461 2686 1561 2771 magis
1572 2710 1677 2753 amare
1695 2699 1726 2753 te

125 2803 203 2846 meu
225 2791 352 2865 propter
373 2783 529 2846 infinitam
546 2785 717 2848 bonitatem
737 2789 768 2846 et
785 2782 903 2864 perlae
953 2789 1093 2852 desidero
1119 2803 1127 2849 1
1156 2805 1224 2848 sero
1247 2793 1278 2848 te
1304 2787 1405 2847 amavi
1428 2784 1635 2865 pulchritud0,
1660 2789 1725 2846 tam

125 2878 247 2939 tionem
268 2883 356 2938 tuam
377 2894 444 2938 eras
464 2882 494 2938 11
514 2895 547 2938 11
565 2875 764 2956 dignissimus
777 2895 844 2938 non
856 2876 902 2937 ol·
953 2881 1093 2961 antiqua,
1103 2879 1300 2960 pulchritudo
1309 2883 1374 2939 tam
1386 2895 1478 2950 nova,
1490 2877 1723 2938 seroteamsvi.

126 2969 231 3045 feudi,
267 2970 321 3031 sed
346 2987 469 3050 semper
494 2969 607 3047 amari,
637 2969 712 3043 ooli,
742 2968 900 3030 honorari.
953 2974 989 3036 S.
1004 2974 1168 3055 stupesco
1191 2970 1375 3048 indignitosl
1398 2989 1417 3030 o
1438 2970 1528 3031 lesul
1544 2969 1618 3050 quie
1637 2983 1726 3030 amor

128 3063 274 3141 Propone
294 3079 350 3141 per
371 3061 503 3140 gratiam
522 3065 609 3124 tunm
622 3059 825 3140 imposterum
839 3077 905 3122 non
954 3073 1026 3128 tuus
1047 3085 1111 3127 non
1128 3070 1263 3139 amatur,
1279 3081 1345 3124 non
1366 3062 1547 3139 estimatur,
1576 3063 1639 3123 imo
1657 3061 1726 3121 vili-

126 3154 230 3216 facere
243 3155 388 3234 amplius·
955 3159 1116 3240 penditur;
1142 3163 1227 3218 totus
1253 3173 1343 3217 amor
1371 3173 1421 3232 es,
1450 3160 1482 3216 et
1507 3172 1573 3215 non
1599 3155 1725 3215 ameris.

31 3251 96 3312 15⁸1
178 3247 213 3322 O·
238 3248 288 3308 11·
317 3244 463 3319 Quomodo
489 3253 633 3326 1111111111
658 3245 752 3326 Pollii
775 3244 906 3306 voluntat
957 3252 988 3316 S.
1011 3249 1183 3313 Joccbonrts.
1200 3251 1225 3310 0
1240 3267 1309 3328 spes
1323 3248 1410 3309 mea!
1426 3247 1530 3309 Gloria
1542 3247 1628 3308 mea?
1645 3248 1727 3308 Gau·

128 3346 229 3402 nostra
251 3341 384 3400 exerceri
415 3339 447 3399 in
474 3339 586 3400 ortibus
616 3337 725 3400 amoris
755 3337 882 3420 perfecti
889 3340 906 3400 ?
956 3345 1044 3406 dium
1062 3343 1186 3406 meum?
1209 3341 1378 3405 camebile
1391 3340 1581 3420 principium
1603 3340 1726 3400 meuml

129 3433 171 3492 R.
195 3431 365 3511 Subjiciom
389 3430 510 3511 sliquos
532 3431 643 3495 modos
670 3449 709 3492 ex
733 3431 904 3509 Scriptura,
956 3437 1123 3500 osorietas
1150 3441 1182 3498 et
1201 3428 1387 3496 sufficientia
1408 3434 1498 3496 mear
1524 3432 1649 3513 quando
1671 3433 1730 3493 1111

128 3523 252 3586 Sanctis
274 3523 427 3599 Patribus,
453 3529 483 3584 et
504 3522 690 3584 Auctoribus
706 3523 859 3597 asceticis,
872 3529 907 3582 ut
955 3529 1006 3590 ille
1021 3530 1097 3604 dies,
1122 3545 1193 3590 cum
1212 3531 1243 3588 te
1265 3545 1338 3588 vera
1363 3531 1394 3588 at
1407 3541 1446 3586 ex
1463 3531 1528 3587 toto
1550 3525 1640 3586 corda
1659 3525 1728 3585 dili-

128 3615 721 3697 quisquempromptnbabeatadsuos,
732 3615 906 3678 stallorum
954 3622 1054 3703 gam?
1066 3621 1191 3702 quando
1206 3637 1256 3680 me
1275 3619 1332 3680 tibi
1349 3624 1472 3696 gratum
1490 3618 1523 3678 in
1537 3617 1683 3678 omnibus
1698 3623 1729 3678 ct

128 3727 219 3770 usus·
955 3735 1011 3795 pro
1032 3714 1178 3775 omnibus
1192 3711 1366 3774 exhibebo?
1380 3711 1506 3790 quando
1520 3713 1681 3770 mortuum
1695 3709 1729 3770 in

380 3841 473 3892 Am„
490 3833 654 3909 φαίη,
955 3825 1005 3868 me
1032 3806 1165 3867 sentiam
1186 3821 1280 3865 omne
1306 3801 1338 3864 id
1350 3803 1433 3883 quod
1447 3801 1505 3863 tibi
1529 3801 1729 3863 adversatur?

955 3898 1081 3979 quando
1096 3915 1148 3958 ero
1171 3902 1253 3957 totns
1267 3901 1355 3971 tnus3
1372 3895 1496 3975 quando
1510 3894 1648 3954 desinam
1663 3911 1729 3954 essu

171 3989 304 4070 Diligam
323 3994 353 4050 tc
374 3988 516 4063 Domine,
538 3987 687 4049 fortitudo
700 4001 782 4062 mee,
801 3986 905 4047 Domi·
955 3990 1068 4053 meus?
1090 3988 1398 4069 quandovenietille
1416 3989 1503 4064 hora,
1519 3987 1628 4066 inqua
1650 3986 1729 4046 nibil

128 4102 191 4146 nus
205 4083 439 4144 firmamentum
452 4096 559 4141 meum
580 4086 611 4142 et
628 4079 783 4156 refugium
798 4095 905 4138 meum
955 4089 1071 4165 preater
1093 4088 1124 4143 te
1150 4082 1183 4143 in
1207 4099 1259 4143 me
1278 4080 1381 4142 vivet?
1408 4079 1533 4160 quando
1553 4097 1605 4140 me
1628 4083 1730 4139 totum

129 4182 164 4239 11
195 4175 343 4236 liberator
366 4191 466 4235 meus·
489 4172 543 4234 Pt·
567 4175 616 4234 17·
644 4189 663 4232 0
687 4169 829 4244 1101111118,
851 4171 905 4251 qui
957 4193 1064 4238 amore
1088 4174 1137 4235 tui
1166 4174 1396 4235 inflammatum
1423 4171 1577 4233 sentiam?
1605 4171 1729 4251 quando

129 4267 305 4347 introspicis
327 4285 380 4328 cor
402 4283 521 4342 meum,
543 4269 578 4326 tu
593 4263 663 4340 scis,
682 4263 754 4342 quia
769 4267 914 4326 amotez.
955 4268 1056 4348 rapies
1085 4283 1137 4327 me
1167 4283 1239 4327 com
1274 4266 1408 4344 impetu,
1446 4263 1571 4342 quando
1599 4263 1731 4324 inebria·

129 4361 264 4423 Domine
286 4366 322 4420 tu
344 4359 415 4431 scis,
439 4357 513 4437 qnia
532 4375 603 4418 amo
623 4361 665 4417 te.
685 4355 773 4418 loon.
790 4357 840 4416 11.
856 4356 905 4416 Tu
955 4361 1002 4421 bis
1028 4377 1080 4420 me
1109 4359 1245 4420 uberum
1266 4363 1395 4418 tuorum
1409 4355 1590 4417 dulcedine?
1604 4356 1729 4435 quando

129 4453 264 4515 Domine
286 4450 436 4514 interiora
457 4467 528 4511 mea
548 4448 640 4520 nosti,
662 4453 693 4508 et
711 4445 906 4525 quantumin
955 4471 1007 4514 me
1033 4457 1136 4512 totum
1160 4450 1193 4510 in
1222 4455 1253 4510 te
1280 4447 1468 4510 transferes?
1495 4446 1575 4509 Led.
1602 4445 1727 4512 (tranat.

127 4545 237 4607 anima
257 4560 327 4606 mea
345 4542 424 4604 1111111
444 4540 583 4604 conscius
597 4556 678 4614 sum,
694 4539 802 4601 videor
815 4538 902 4615 1111111,
956 4544 978 4606 1.
1008 4545 1038 4604 5.
1082 4540 1276 4604 memorialis.
1320 4541 1454 4620 Diligam
1495 4546 1543 4614 te,
1578 4541 1729 4618 Domine,

127 4637 217 4719 quod
237 4642 266 4698 te
289 4636 323 4697 in
344 4636 472 4696 veritate
493 4634 631 4712 diligam,
652 4639 683 4694 et
701 4631 786 4712 quod
803 4647 905 4711 neque
956 4653 1063 4698 amore
1110 4633 1280 4696 arctissimo
1334 4632 1579 4712 fortissimoque,
1627 4638 1732 4694 exten·

126 4731 222 4792 fictus
235 4747 338 4808 neque
359 4727 522 4790 simulatus
543 4744 632 4786 amor
646 4725 695 4794 sit,
709 4725 797 4802 adeo,
812 4723 909 4784 utsui
957 4729 1030 4789 dam
1064 4725 1207 4787 omnium
1241 4724 1408 4786 effectuum
1444 4731 1476 4786 et
1508 4725 1730 4786 desideriorum

126 4821 272 4904 proditor
291 4837 345 4882 cor
366 4837 474 4881 meum
496 4825 586 4895 essct,
610 4817 637 4878 si
658 4819 692 4878 in
714 4817 774 4878 hoe
794 4816 861 4897 ipso
875 4835 908 4877 se
957 4837 1101 4880 meorum
1125 4817 1262 4894 brachia,
1290 4823 1326 4878 ut
1347 4816 1518 4896 amplectar
1543 4821 1583 4894 te,
1612 4817 1731 4896 Sponsa

126 4915 236 4995 ipsum
254 4913 384 4974 falleret.
416 4911 452 4974 S.
481 4911 561 4992 Any.
591 4913 642 4971 30.
669 4909 755 4989 Cous.
782 4927 808 4969 c.
831 4910 907 4970 9.0
957 4911 1132 4973 dulcissime
1166 4909 1279 4971 animm
1311 4909 1405 4970 meae?
1446 4909 1563 4970 hedera
1596 4908 1731 4970 vicinam

128 5009 226 5084 Deus,
250 5025 303 5068 ror
327 5004 405 5066 1111111
427 5009 569 5080 testatur,
594 5002 678 5082 quod
699 5008 730 5062 te
744 5001 864 5082 diligat,
878 5006 909 5062 11
957 5006 1102 5066 arborem
1124 5007 1189 5062 tam
1212 5001 1332 5064 fortiter
1353 4998 1587 5080 apprehendit:
1614 5005 1651 5060 ut
1671 5001 1733 5061 sin·

129 5097 191 5160 tibi
218 5097 329 5160 offerat
356 5113 465 5158 omnes
493 5095 561 5157 Filii
587 5093 634 5155 tui
658 5099 791 5173 tuosque
812 5093 909 5174 ipsius
957 5096 1040 5176 gulas
1065 5094 1153 5155 fibrte
1175 5093 1298 5172 singula
1318 5091 1483 5154 rideantur
1506 5111 1572 5154 esse
1593 5091 1730 5170 brachia,

130 5208 270 5265 amores,
298 5189 336 5250 ad
363 5187 608 5250 succurrendum
635 5186 797 5262 desiderio,
825 5186 909 5265 quod
958 5207 1014 5248 cur
1036 5187 1176 5248 similiter
1196 5185 1303 5247 omnia
1322 5185 1463 5247 membra
1488 5201 1558 5246 mea
1581 5201 1646 5246 non
1665 5201 1733 5246 ver·

129 5282 245 5358 babeo,
256 5286 288 5344 te
301 5280 523 5360 perfectissime
536 5278 670 5340 amandi.
687 5279 711 5339 Ο
725 5279 807 5340 Deus
821 5295 909 5338 amor
958 5285 1064 5341 tantur
1083 5279 1116 5339 in
1130 5277 1267 5346 brachia,
1284 5283 1319 5338 ut
1341 5277 1429 5338 omni
1443 5293 1482 5339 ex
1497 5281 1584 5357 perte
1597 5276 1734 5357 ampleo*

129 5393 237 5452 meus,
252 5373 307 5454 qui
325 5389 446 5454 semper
462 5373 562 5445 ardes,
582 5390 639 5433 nec
656 5369 909 5450 unquamextin-
961 5377 1009 5434 tar
1032 5371 1087 5433 te?
1107 5370 1192 5432 Idem
1207 5375 1240 5431 111
1254 5374 1283 5433 1.
1300 5367 1428 5451 append.
1442 5387 1562 5430 monor.
1578 5371 1602 5431 Ο
1616 5374 1734 5432 eterna

130 5466 258 5548 guerisl
279 5467 303 5528 Ο
321 5466 464 5543 charitas,
484 5467 564 5526 Deus
576 5482 677 5540 meus,
692 5462 825 5524 accende
837 5479 888 5521 me
899 5480 908 5536 ;
960 5464 1099 5526 Veritasl
1124 5483 1197 5526 vera
1220 5463 1360 5524 Charites
1377 5467 1409 5523 et
1430 5461 1524 5523 chara
1547 5461 1742 5523 AEternitasl·

130 5559 194 5635 fae,
205 5563 281 5622 utta
293 5557 463 5636 inveniam,
479 5556 612 5620 ceordic
625 5555 688 5620 mei
702 5553 906 5618 desideriuml
959 5562 996 5618 tu
1015 5575 1048 5618 es
1066 5558 1148 5618 Dans
1170 5573 1270 5636 meus,
1293 5554 1350 5616 tibi
1362 5555 1483 5634 suspiro
1503 5540 1554 5616 die
1574 5571 1610 5616 aa
1625 5558 1726 5619 nocte.
