4112 6344
337 406 397 466 ιιι
609 481 610 484 Ν
1047 399 1095 459 oa
1117 399 1213 459 non

336 565 1102 646 caticum,nisimedtnntefidedelleoremuneratorcr
1155 564 1626 645 cognitioillorumolrjectorum
1634 564 1919 639 nuttlrelatorum,

336 662 431 739 addit,
445 662 603 722 moraliter
611 661 678 721 fieri
692 678 756 720 non
771 677 858 739 posse
871 659 905 719 iu
919 665 1105 719 naturacor-
1155 659 1208 718 sed
1228 657 1360 718 sufficiat
1381 659 1421 720 ad
1439 659 1644 719 emovendam
1667 657 1869 723 voluntatem.
1892 663 1922 716 ut

244 811 246 818 .
336 759 437 834 rupta,
463 759 499 814 ut
521 755 586 814 aine
601 771 655 833 spe
669 753 808 813 eliciatur
829 769 918 812 amor
937 749 1002 826 llei,
1018 750 1105 810 nulla
1155 751 1314 811 actualiter
1341 751 1478 830 erigatur
1503 753 1541 812 ad
1570 769 1657 831 spem
1681 751 1806 812 firmam
1826 749 1921 810 reaia

284 861 286 869 ·
335 852 441 908 autem
454 852 555 927 potest
568 864 721 927 essespeS,
738 845 804 906 sine
819 845 922 922 aliqua
935 843 995 904 fide
1009 843 1106 923 expli·
1155 849 1363 921 peccatorum,
1386 849 1417 905 et
1444 844 1703 905 remunerationis
1723 863 1743 902 a
1765 844 1828 904 Deo
1846 842 1922 902 ohti-

334 938 394 998 eita
407 939 473 1013 Dei,
489 945 524 998 ut
536 938 788 999 remuneratoris.
812 936 939 1008 Deinde,
961 935 987 994 si
1000 933 1104 1013 requi·
1155 937 1285 1013 nendae3
1312 948 1404 1018 atque
1425 938 1484 998 hoc
1505 937 1615 999 volunt
1637 937 1701 998 ΑΑ.
1720 953 1792 996 ιιιιιι
1806 936 1924 1012 Lugoa

334 1037 420 1092 ratur
452 1033 530 1093 fides
558 1031 723 1111 implicita,
752 1036 788 1089 ut
813 1027 909 1091 Mald.
937 1035 964 1087 et
991 1028 1103 1089 Bonae.
1155 1047 1188 1089 ιι.
1213 1032 1280 1090 183.
1302 1031 1426 1109 quando
1447 1029 1748 1110 adjustiticationem
1763 1027 1924 1108 requirunt

333 1125 508 1204 requirunt,
534 1125 601 1186 haee
623 1143 687 1184 non
710 1127 811 1203 potest
837 1141 917 1195 esse,
946 1119 1006 1180 nisi
1026 1121 1106 1181 adsit
1155 1121 1249 1183 tidem
1261 1123 1299 1183 de
1312 1122 1372 1183 illis
1382 1123 1507 1201 objectis
1515 1123 1702 1204 explicitum.

294 1279 296 1284 ,
334 1217 437 1297 aliqua
464 1218 624 1298 explicita,
657 1218 689 1277 in
724 1235 784 1296 qua
818 1215 856 1276 de
883 1214 951 1275 aliis
979 1213 1104 1291 objectis
1195 1215 1223 1294 ἓ.
1236 1219 1267 1277 8.
1281 1215 1380 1276 Etiam
1398 1217 1438 1277 ad
1456 1235 1582 1278 omnem
1601 1216 1849 1289 aetumhonum,
1864 1212 1924 1274 sive
1942 1235 1967 1294 qq

333 1309 483 1371 habeatur
508 1311 671 1389 implicita,
697 1309 819 1386 ntiqui
843 1307 985 1388 explicite
1008 1306 1105 1366 eredit
1155 1307 1193 1368 de
1218 1309 1384 1388 condigne,
1414 1310 1477 1372 sire
1503 1311 1542 1371 de
1570 1327 1708 1386 congruo
1730 1305 1923 1368 mer-iunium

333 1402 486 1482 quidquid
508 1405 589 1464 ilaus
610 1402 698 1479 dixit,
724 1402 821 1462 eredit
841 1399 1103 1479 impliciteomnia
1154 1401 1275 1480 praemii
1297 1405 1551 1482 supernaturalis,
1574 1400 1811 1482 praerequiritur
1829 1399 1922 1459 fides:

333 1495 478 1570 roveloto,
507 1513 579 1556 cnm
604 1501 710 1555 antem
738 1494 855 1574 reliqua
882 1492 1003 1570 objecta
1032 1490 1105 1552 fidei
1155 1493 1198 1554 ita
1215 1495 1328 1555 docent
1345 1496 1490 1573 Concilio,
1512 1497 1569 1557 SS.
1591 1497 1647 1556 ΡΡ.
1662 1495 1768 1556 etan.
1785 1509 1923 1553 eommu-

333 1586 428 1647 etiam
438 1605 599 1648 occurrere
613 1587 745 1649 debeant
762 1585 883 1646 homini
891 1583 1101 1662 justificando,
1156 1587 1293 1648 nissime.

333 1678 420 1740 facile
432 1680 530 1740 aderit
544 1680 700 1760 explicita,
724 1679 832 1740 saltem
847 1676 998 1752 virtualis,
1012 1676 1105 1736 etiam
1194 1681 1285 1743 Cone.
1302 1683 1412 1743 Araus.
1428 1683 1470 1742 Il.
1486 1699 1510 1742 r.
1524 1680 1581 1742 ult.
1599 1677 1794 1761 Confitemur,
1810 1677 1890 1759 quod
1898 1677 1925 1738 in

333 1771 469 1832 aliorum
481 1771 681 1850 objectorum.
1155 1777 1236 1834 omni
1246 1793 1331 1855 opere
1345 1775 1417 1835 bono
1430 1793 1490 1835 non
1504 1774 1674 1854 incipimus,
1694 1770 1743 1832 sed
1760 1771 1820 1852 ipse
1838 1770 1927 1831 uultu

374 1863 506 1944 Arrmpa
519 1865 592 1925 dicit
606 1865 744 1925 sufficere
765 1863 874 1924 saltem
892 1861 986 1922 tidem
1000 1861 1104 1941 impli·
1154 1867 1259 1927 nostris
1276 1865 1506 1948 precedentibus
1523 1865 1636 1926 nieritis
1652 1864 1741 1945 prius
1763 1862 1855 1944 fidem
1870 1863 1924 1924 ins·

334 1956 427 2024 citam
444 1958 482 2018 de
501 1956 681 2018 necessitate
696 1957 813 2036 gratiae,
828 1973 923 2034 quam
937 1955 1018 2034 Lupo
1032 1953 1106 2016 dicit
1151 1959 1251 2040 pirat.
1276 1961 1337 2020 ΡΡ.
1363 1961 1456 2020 Cone.
1472 1959 1575 2020 Milev.
1593 1959 1626 2018 in
1642 1958 1703 2038 Ep.
1719 1955 1759 2017 ad
1770 1955 1842 2017 Ian.
1860 1973 1926 2035 qua

334 2049 866 2128 sufficienterlraberiperhoe,qu0d
880 2047 992 2124 credat,
1005 2049 1104 2108 Deum
1154 2053 1236 2132 apud
1269 2054 1399 2132 August.
1429 2058 1474 2112 est
1499 2052 1549 2112 95.
1580 2051 1696 2125 dicunt,
1721 2049 1807 2128 qnod
1830 2047 1926 2128 gratia

335 2159 399 2202 esse
422 2159 604 2221 supremum
626 2147 905 2215 remuneratorem,
936 2158 1034 2220 aquo
1048 2157 1104 2219 per
1155 2144 1359 2224 praeveniens,
1381 2145 1421 2206 ad
1440 2161 1566 2206 omnem
1585 2141 1729 2206 effectum
1742 2147 1926 2221 supernatu-

334 2235 465 2313 gratiam
488 2235 554 2314 ejus
580 2253 739 2314 speremus
767 2234 899 2295 salutem
926 2239 1102 2294 aternam:
1154 2238 1251 2298 ralem
1275 2236 1455 2312 necessaria,
1484 2236 1638 2316 pertineat
1657 2235 1698 2296 ad
1716 2234 1823 2295 tidem.
1841 2233 1924 2293 Trid.

336 2325 427 2390 Gran.
439 2347 533 2408 supra
541 2328 616 2389 dicit
625 2326 741 2408 requiri
748 2327 843 2388 iidem
852 2325 1028 2405 explicitam
1037 2325 1103 2401 llei,
1154 2349 1220 2391 sess.
1245 2333 1275 2392 6.
1302 2351 1328 2392 a.
1345 2334 1375 2392 7.
1391 2335 1479 2392 vocat
1492 2329 1588 2390 fidem
1602 2328 1725 2389 initium
1741 2325 1858 2402 salutis,
1875 2345 1926 2406 per

333 2427 370 2480 ut
391 2421 533 2482 Auctoris
556 2419 808 2500 supernaturalis,
834 2418 917 2498 qnod
938 2436 1050 2496 nempe
1067 2418 1105 2477 sit
1155 2423 1238 2502 quod
1252 2424 1384 2484 innuere
1396 2423 1592 2484 videturesse
1602 2418 1926 2482 initiumomnisaetus

333 2513 452 2575 bonnm
464 2514 620 2592 quoddam
631 2529 825 2592 supremum,
836 2531 855 2572 a
868 2529 929 2591 quo
941 2510 1104 2590 provenire
1155 2515 1193 2574 ad
1207 2516 1338 2577 salutem
1352 2516 1562 2578 conducentis.

333 2606 423 2666 nohis
436 2606 550 2666 debent
562 2606 719 2667 beatitudo
732 2603 983 2685 supernaturalis,
998 2603 1105 2664 remis·
1196 2608 1229 2668 S.
1243 2609 1324 2687 Aug.
1340 2608 1375 2670 dc
1391 2607 1459 2670 Ciu.
1481 2607 1501 2670 l.
1528 2609 1576 2668 15.
1592 2625 1617 2668 c.
1641 2609 1691 2666 ao.
1708 2605 1777 2667 Non
1798 2610 1841 2666 est
1855 2623 1925 2685 opas

333 2698 379 2757 sio
405 2705 619 2778 peccatorum,
653 2704 684 2759 et
710 2699 793 2760 dona
815 2698 854 2758 ad
881 2696 1105 2757 beatitudinem
1155 2699 1270 2776 bonum,
1286 2701 1347 2761 nisi
1362 2700 1440 2781 quod
1448 2697 1581 2780 procedit
1594 2718 1631 2759 ea
1653 2697 1712 2776 fide
1733 2698 1845 2758 aurumi
1858 2698 1922 2759 Dei.

333 2789 536 2852 obtinendam
561 2792 742 2860 necessaria,
777 2792 852 2851 Gon.
882 2809 915 2850 n.
946 2791 1014 2850 123.
1049 2788 1102 2864 ait,
1155 2793 1188 2852 S.
1203 2793 1312 2854 Amhr.
1329 2791 1349 2852 l.
1368 2797 1398 2854 6.
1415 2792 1448 2853 iu
1470 2791 1581 2854 Lucam
1608 2811 1633 2851 c.
1658 2794 1689 2850 7.
1714 2789 1924 2852 illiterieordia

333 2882 423 2944 delict
438 2883 579 2964 explicite
592 2883 706 2944 credere
719 2903 747 2944 sc
761 2903 818 2944 non
829 2901 911 2963 posse
924 2881 985 2942 suis
995 2880 1106 2941 viridas
1151 2884 1318 2965 praefertur
1329 2883 1413 2962 fides,
1436 2885 1508 2964 quia
1533 2881 1738 2944 misericordia
1751 2891 1822 2943 tunc
1844 2881 1925 2944 debet

333 2975 488 3036 arrriseriis
500 2976 575 3049 erui,
585 2985 613 3036 et
627 2984 739 3038 (eterna
753 2975 807 3035 itta
818 2977 948 3056 praemia
959 2973 1102 3054 consequi.
1153 2978 1304 3054 meritum,
1341 2978 1368 3038 si
1399 2976 1458 3058 fide
1476 2975 1657 3056 precedente
1679 2975 1860 3056 conseratur.
1892 2977 1922 3037 S.

334 3068 424 3128 Suar.
439 3075 506 3130 sect.
524 3071 552 3130 3.
564 3089 615 3130 uu.
629 3071 677 3130 18.
688 3069 762 3130 dicit
770 3067 887 3147 requiri
900 3067 1105 3128 sufficientem
1154 3071 1245 3148 Greg.
1260 3069 1336 3130 dom.
1356 3071 1403 3130 19.
1418 3069 1451 3130 in
1462 3069 1578 3130 Ezeclr.
1596 3066 1664 3129 Non
1679 3066 1836 3128 uirtutibus
1851 3067 1925 3129 mni·

332 3160 426 3222 fidem
441 3162 616 3241 explicitam
630 3162 668 3223 de
682 3161 861 3222 necessitate
876 3160 996 3240 gratiae,
1010 3178 1104 3238 quam
1154 3167 1206 3221 tur
1216 3161 1257 3222 ad
1265 3160 1366 3240 fidem,
1381 3161 1431 3223 scd
1442 3181 1496 3243 per
1513 3161 1602 3238 fidem
1614 3161 1801 3242 pertingitur
1813 3159 1855 3222 ad
1866 3161 1925 3222 ur'r-

331 3258 437 3314 tameu
458 3255 553 3316 fidem
572 3255 646 3315 dicit
660 3256 732 3315 satis
745 3254 854 3315 haberi
866 3273 922 3333 per
933 3253 1005 3329 hoe,
1021 3253 1104 3331 quod
1153 3262 1237 3316 tutes.
1256 3255 1287 3315 S.
1304 3256 1368 3315 Leo
1391 3255 1459 3316 secl.
1486 3258 1514 3316 7.
1530 3255 1561 3315 iu
1585 3253 1697 3331 Quadr.
1711 3252 1795 3330 (lirod
1818 3272 1923 3314 nonen

332 3346 482 3408 credatin
496 3349 606 3422 Deum,
621 3347 913 3426 ntjnstilicatcrem,
931 3364 988 3407 nec
1002 3345 1104 3424 requi-
1152 3345 1371 3428 fideiprocedit
1385 3345 1478 3426 sonte,
1494 3346 1535 3408 ad
1558 3347 1687 3428 prcerm'a
1722 3351 1837 3408 aterna
1868 3365 1921 3408 um

332 3439 373 3498 rit
385 3439 520 3501 diversos
537 3441 576 3501 de
595 3440 644 3500 his
658 3446 834 3521 conceptus.
850 3439 943 3502 Addit
956 3439 1050 3499 tidem
1064 3438 1102 3500 de
1148 3440 1297 3520 peruenit.
1322 3441 1353 3502 S.
1370 3442 1514 3520 Prosper.
1540 3439 1562 3500 t.
1581 3442 1608 3500 1.
1626 3438 1661 3500 de
1676 3445 1766 3500 uocat.
1782 3446 1861 3519 peut.
1895 3459 1918 3500 c.

331 3531 391 3592 hoc
402 3531 446 3592 ita
455 3532 641 3612 explicitam,
653 3538 752 3613 utper
766 3533 923 3593 distinctos
937 3535 1102 3610 conceptus
1152 3535 1200 3595 61.
1218 3534 1292 3594 dicit
1305 3535 1400 3595 tidem
1427 3533 1521 3594 nullis
1549 3532 1794 3612 precedentibus
1808 3533 1921 3602 meritis

270 3685 274 3693 ,
331 3624 494 3696 habeatur,
524 3625 587 3685 dici
606 3643 694 3704 posse
716 3643 772 3706 per
795 3644 837 3697 se,
856 3630 888 3686 et
906 3622 1100 3702 regulariter,
1151 3627 1258 3705 tribui,
1269 3627 1323 3688 sed
1335 3628 1374 3688 ad
1387 3627 1446 3687 hoc
1460 3627 1581 3701 donari,
1595 3631 1630 3686 ut
1649 3624 1840 3704 principium
1854 3643 1919 3705 pos-

331 3717 390 3794 rel,
416 3723 453 3778 ut
474 3717 527 3778 alii
546 3711 719 3798 loquuntur
735 3719 769 3779 in
791 3724 863 3778 roto
884 3716 1100 3792 necessariam,
1152 3719 1192 3780 sit
1214 3739 1279 3780 esse
1303 3720 1509 3781 meritorium.
1543 3717 1664 3779 Similia
1690 3717 1783 3797 plura
1808 3718 1920 3778 habent

330 3828 396 3871 non
407 3815 511 3872 tarnmr
525 3829 647 3891 semper
661 3812 694 3871 in
706 3829 750 3882 re,
767 3816 797 3872 et
811 3810 980 3872 actualiter.
1152 3813 1245 3874 etiam
1258 3813 1312 3873 alii
1326 3814 1385 3875 ΡΡ.
1402 3812 1486 3891 apud
1499 3812 1589 3891 Lugo
1602 3815 1672 3872 sect.
1689 3813 1720 3869 8.

302 3946 308 3954 -
372 3904 483 3966 Bernal
506 3903 540 3965 de
567 3903 654 3965 Sacr.
679 3903 708 3964 d.
734 3906 765 3964 2.
786 3923 819 3964 n.
840 3906 890 3964 19.
906 3901 1101 3982 putattidem
1193 3907 1283 3966 Suar.
1298 3904 1333 3966 dc
1346 3926 1395 3987 pr.
1419 3905 1437 3966 t.
1457 3907 1568 3984 l.cap.
1600 3907 1650 3965 35.
1666 3921 1719 3964 nu.
1750 3903 1802 3964 at.
1836 3904 1920 3965 docet
2023 3901 2024 3906 ’

330 4015 508 4078 expressam
531 3998 584 4059 SS.
610 3997 767 4057 Trinitatis
786 4015 843 4076 pro
864 3997 931 4074 lege
949 3995 1057 4070 veteri,
1071 4000 1101 4055 ct
1151 4016 1291 4060 amorem
1304 3996 1573 4076 supernaturalem
1587 3995 1680 4078 (idem
1693 3999 1740 4056 est
1752 3996 1792 4056 de
1805 3995 1919 4056 actibus

329 4110 411 4153 nova
423 4091 527 4163 fuisse,
542 4107 576 4151 ae
586 4089 885 4162 esseneeessariam3
903 4087 1010 4147 Oried.
1024 4105 1056 4167 p.
1070 4089 1099 4147 3.
1151 4090 1282 4151 aliarum
1296 4089 1457 4170 virtutum)
1471 4108 1527 4171 per
1540 4087 1640 4167 fidem,
1657 4093 1685 4148 et
1698 4106 1778 4168 apem
1794 4087 1920 4169 indigere

329 4183 440 4264 probat
451 4201 559 4244 ornnes
573 4183 666 4244 etiam
684 4183 718 4242 in
733 4182 802 4261 lege
822 4180 920 4242 veteri
932 4179 1100 4258 indiguisse
1149 4184 1272 4264 proprio
1285 4183 1436 4264 principio
1458 4180 1680 4262 supernaturali
1695 4179 1918 4263 pdpsimadju·
2023 4213 2024 4240 ;

324 4276 544 4355 justificatione
558 4275 717 4356 perfidem
730 4275 763 4334 in
778 4273 954 4335 Christum:
975 4273 1102 4332 Maurus
1150 4282 1236 4336 vante
1244 4275 1409 4355 potentium
1424 4273 1464 4335 ad
1485 4273 1572 4336 illum
1597 4272 1784 4335 eliciendum.
1798 4273 1836 4335 L.
1851 4277 1881 4336 8.
1892 4295 1917 4336 c.

328 4389 382 4431 nn.
399 4375 449 4430 tt.
465 4367 625 4448 requisivit
634 4367 808 4448 explicitam
823 4365 934 4427 Christi
943 4369 978 4425 nt
986 4365 1102 4424 media·
1153 4371 1199 4430 15.
1216 4387 1247 4427 ιι.
1263 4371 1294 4427 7.
1312 4367 1414 4428 Omuis
1444 4365 1517 4428 dona
1551 4371 1683 4448 operetta
1713 4365 1751 4426 ab
1769 4364 1920 4428 intellecta

326 4463 413 4537 toris,
429 4461 540 4539 reliqui
552 4479 624 4522 cum
635 4460 668 4521 S.
680 4460 739 4520 Th.
750 4461 780 4519 2.
794 4459 825 4518 8.
842 4477 872 4537 q.
886 4459 916 4518 8.
928 4475 957 4518 a.
973 4459 1002 4517 7.
1017 4457 1057 4516 ad
1067 4458 1096 4516 3.
1151 4459 1284 4521 inchoari
1296 4458 1388 4521 debet.
1406 4460 1486 4520 Ruiz
1497 4458 1532 4520 de
1542 4478 1629 4540 praa.
1646 4458 1677 4520 d.
1697 4460 1746 4520 la.
1757 4477 1780 4520 s.
1800 4461 1830 4520 3.
1847 4479 1877 4520 u.
1888 4462 1916 4521 e.

326 4553 533 4615 communiter
542 4553 730 4614 dieunttunc
739 4550 892 4613 suffecisse
900 4548 1095 4628 implicitam;
1149 4551 1238 4612 Fides
1264 4556 1305 4612 est
1328 4550 1419 4612 totius
1434 4551 1650 4632 impetrationis
1666 4550 1815 4610 initium:
1838 4550 1874 4614 S.
1888 4553 1917 4612 l.

325 4664 410 4706 nunc
427 4651 531 4706 autem
550 4645 583 4705 in
599 4646 667 4724 lege
687 4662 770 4706 nova
782 4647 851 4723 post
863 4641 1097 4722 promulgatum
1147 4663 1178 4704 n.
1203 4645 1233 4704 6.
1250 4641 1338 4704 Fides
1361 4650 1403 4705 est
1418 4644 1543 4705 initium
1565 4641 1677 4704 meriti.
1693 4643 1772 4702 Hine
1786 4642 1823 4704 S.
1841 4647 1871 4705 5.
1886 4643 1920 4703 in

324 4738 512 4800 sufficienter
525 4737 728 4817 Evangelium
744 4737 908 4816 requirunt
920 4734 1096 4814 explicitam
1146 4736 1220 4815 ipsis
1226 4735 1404 4797 infidelibus
1410 4735 1540 4814 requirit
1548 4735 1685 4814 aliquam
1694 4733 1789 4795 tidem
1796 4735 1920 4796 inchoa-

323 4831 361 4892 dc
383 4831 610 4908 lucarnatione,
637 4835 668 4892 et
687 4829 836 4890 Trinitate
856 4828 889 4889 S.
909 4828 965 4888 Th.
983 4835 1041 4887 art.
1063 4829 1092 4886 7.
1144 4833 1220 4907 tam,
1247 4833 1278 4888 et
1304 4828 1526 4908 imperfectam,
1550 4845 1613 4906 qua
1637 4833 1798 4906 praeeunte
1824 4827 1918 4908 possit

321 4931 350 4984 et
362 4927 393 4985 8.
409 4923 575 4985 Themista
594 4922 792 4983 communius
810 4937 883 4981 cum
904 4921 1003 4981 Gonet
1016 4918 1046 4980 d.
1062 4923 1092 4979 6.
1144 4919 1258 5000 aliquid
1275 4921 1509 5001 supernaturale
1522 4920 1600 4980 velle
1613 4918 1694 4980 eirea
1707 4919 1804 4982 tidem
1818 4921 1915 5000 ipsam

322 5035 352 5077 ιι.
367 5021 417 5078 67.
441 5016 537 5077 etalii
553 5015 725 5095 gravissimi
743 5014 807 5074 ΑΑ.
825 5029 897 5074 cum
909 5013 1017 5072 Mauro
1031 5029 1092 5072 an.
1144 5015 1404 5092 consequendam.
1422 5012 1461 5074 l).
1476 5015 1526 5073 61.
1542 5031 1565 5073 ι.
1581 5015 1611 5074 2.
1628 5031 1659 5073 ιι.
1676 5015 1726 5072 18.
1740 5011 1848 5074 Oratio
1855 5012 1918 5074 nisi

322 5107 671 5170 l5.Card.n.3.Mend.
686 5105 837 5168 instead.
853 5109 882 5166 l.
898 5099 929 5184 q.
948 5102 1095 5165 tetlieet
1143 5105 1404 5185 supernaturalem
1425 5104 1513 5186 fidem
1525 5109 1682 5186 supponat,
1699 5103 1779 5164 uidit
1790 5101 1917 5168 calaad

321 5200 374 5260 alii
387 5200 488 5274 multi,
505 5201 599 5262 etiam
612 5200 692 5260 forte
705 5197 907 5278 probabilius,
919 5195 950 5256 id
966 5201 1091 5273 negent,
1144 5197 1370 5278 impetrandum.
1383 5201 1471 5278 Lago
1481 5218 1512 5258 ιι.
1527 5199 1578 5258 ta.
1591 5196 1915 5260 Onmtameritadedent

320 5297 426 5353 tamen
446 5292 501 5354 ubi
514 5293 618 5372 agitur
631 5293 669 5353 de
683 5291 788 5352 valore
802 5287 1003 5362 sacramenti,
1019 5305 1093 5347 sen·
1140 5287 1346 5369 procederem
1359 5289 1436 5371 fide;
1463 5297 1496 5350 ut
1509 5287 1642 5370 probant
1665 5289 1831 5351 testimonia
1845 5287 1909 5350 ΡΡ.

321 5385 418 5446 tentia
437 5386 534 5446 tutior
548 5391 594 5446 est
611 5384 784 5465 sequenda:
810 5387 840 5443 et
859 5379 1092 5462 praescindendo
1141 5379 1278 5456 adducta,
1293 5383 1348 5464 qui
1371 5381 1512 5444 uidentur
1531 5381 1583 5442 doc
1595 5382 1692 5464 ipsum
1711 5381 1911 5463 sampn'smea

320 5475 360 5538 ab
373 5477 443 5554 hoe,
464 5483 582 5542 certum
590 5477 715 5538 videtur
729 5495 768 5537 ex
781 5475 880 5552 dictis,
891 5473 975 5553 quod
984 5471 1091 5550 requi-
1141 5471 1223 5534 niodo
1232 5473 1372 5555 loquendi
1392 5475 1496 5537 Sama
1509 5473 1692 5557 Scriptura.
1709 5475 1781 5555 Esp.
1806 5472 1841 5536 de
1849 5491 1910 5554 pa·

318 5573 405 5631 ratur
424 5568 493 5631 talis
517 5571 602 5648 fides,
627 5589 697 5650 quac
720 5569 759 5630 sit
776 5585 841 5630 non
855 5566 1089 5648 qualiscumque
1140 5563 1245 5628 nitent.
1275 5575 1378 5648 quaest.
1402 5571 1452 5631 86.
1473 5567 1523 5631 ad.
1539 5569 1569 5628 l.
1595 5567 1684 5630 Actia
1709 5565 1792 5648 fidei,
1808 5561 1908 5645 etspei
2023 5567 2024 5574 ’
