3976 6342
346 326 387 386 et
957 316 1069 379 LIBER
1093 313 1327 381 PRODROMUS

347 489 426 550 lecto
440 506 479 550 ex
490 505 582 548 eausa
596 500 704 546 omues
717 482 799 545 vires
812 483 980 545 intendunt
997 489 1117 546 vetera·
1168 483 1216 545 nis
1230 482 1407 544 examinare
1422 478 1622 563 ponderibus,
1638 492 1814 562 nostraeque
1823 487 1905 547 menti
1970 463 1971 475 ἵ

347 585 429 643 tores
441 579 503 657 isti,
519 579 581 641 nisi
593 582 629 640 ut
642 595 715 639 cum
729 576 863 638 Luthero
873 583 1000 638 ovantes
1015 583 1120 657 gratu-
1167 576 1280 637 rationi
1302 575 1466 645 confidere,
1481 593 1551 655 quae
1565 580 1686 636 natiuae
1701 575 1840 636 humana
1851 595 1905 638 eon·

347 674 405 735 lori
425 673 483 735 sibi
504 673 631 754 possint,
655 669 760 731 liberos
779 687 808 730 sc
827 685 884 731 esse
904 669 940 730 cb
958 668 1116 731 omnibus:
1168 668 1284 730 ditione
1298 668 1406 729 debilis
1420 674 1477 744 est,
1493 673 1524 728 et
1536 667 1671 728 infirma.

348 767 431 847 quod
461 771 496 827 ut
524 765 642 826 facilius
676 763 866 842 celeriusque
902 769 1115 843 assequantur,
1207 762 1349 823 Ceterum
1364 760 1581 822 communibus
1595 760 1678 821 hisee
1692 760 1771 821 votis
1784 762 1909 841 proreiet
1969 817 1970 836 ,

348 859 547 938 flagitiosiora
573 855 718 938 quaelibet
727 854 926 918 audacissime
936 857 1119 935 aggrediun-
1167 873 1273 930 sacrae,
1293 859 1325 915 et
1346 854 1478 933 publicae
1497 852 1709 914 incolumitate
1732 849 1908 916 Carissimiin
1969 905 1970 913 ,

348 957 409 1012 tur.
1168 947 1287 1008 Christo
1302 946 1370 1007 Filii
1384 946 1486 1007 Nostri
1499 944 1565 1006 Viri
1577 945 1733 1025 Principes
1746 963 1804 1006 sua
1816 945 1910 1008 [arcad
1969 936 1970 943 ἵ

389 1045 495 1124 Neque
508 1042 627 1105 latiora
648 1046 679 1102 et
699 1040 863 1120 Religioni,
887 1044 918 1102 et
935 1041 1120 1121 Principatui
1169 1060 1237 1122 ope,
1255 1044 1285 1101 et
1296 1041 1488 1117 auctoritate,
1505 1056 1600 1118 quam
1616 1038 1675 1099 sibi
1689 1039 1829 1100 collatam
1839 1042 1910 1101 cond·

348 1136 482 1198 ominari
495 1153 658 1215 possumus
671 1151 709 1195 ex
724 1135 932 1210 eorumvotis,
948 1135 1003 1213 qui
1016 1135 1118 1196 Eccle-
1169 1134 1278 1195 dorent
1302 1147 1367 1194 non
1393 1132 1494 1193 solum
1524 1133 1565 1193 ad
1589 1130 1700 1193 mundi
1722 1132 1911 1211 regimen,sed

349 1231 428 1291 siam
442 1248 461 1289 a
475 1230 581 1308 Regno
602 1228 748 1307 separari,
773 1232 978 1306 mutuamque
996 1227 1120 1307 Imperii
1169 1229 1304 1288 maxime
1318 1228 1357 1287 ad
1374 1225 1514 1287 Ecclesiae
1530 1224 1719 1305 presidium.
1737 1225 1911 1286 Animadver·
1969 1230 1972 1287 j

349 1339 421 1383 cum
441 1320 617 1383 Sacerdotio
634 1319 831 1380 concordiam
851 1319 995 1400 abrumpi
1016 1320 1120 1381 diseu-
1168 1324 1236 1381 tant
1254 1319 1377 1395 sedulo,
1405 1334 1462 1400 pro
1487 1319 1614 1378 illorum
1637 1317 1769 1397 imperio
1791 1322 1820 1378 et
1835 1319 1913 1398 quiete
1969 1312 1970 1392 ᾖ

350 1415 451 1495 pient.
470 1415 594 1474 Constat
614 1411 741 1491 quippe,
762 1411 937 1492 pertimesci
960 1412 998 1472 ab
1016 1412 1119 1492 impu·
1169 1413 1247 1492 geri,
1261 1411 1412 1492 quidquid
1425 1430 1482 1492 pro
1498 1411 1639 1471 Ecclesiae
1652 1408 1911 1484 salutelaboratur;

350 1506 540 1568 dentissimae
557 1504 707 1564 libertatis
722 1504 911 1564 amatoribus
926 1506 1121 1566 concordiam
1170 1505 1235 1565 imo
1262 1505 1360 1585 pluris
1385 1503 1444 1565 sibi
1469 1503 1618 1564 suadeant
1640 1500 1713 1564 fidei
1735 1519 1854 1564 causam
1867 1512 1914 1563 esse
1969 1578 1970 1584 ἵ

350 1599 449 1674 illam,
467 1617 537 1678 quae
552 1614 674 1676 semper
687 1597 733 1657 rei
747 1602 778 1657 et
791 1614 884 1657 sacrae
895 1601 926 1657 et
935 1596 1015 1658 civili
1023 1597 1122 1659 fausta
1170 1596 1282 1658 debere
1303 1614 1397 1676 quam
1420 1596 1529 1675 Regni,
1560 1612 1774 1674 magnumque
1801 1595 1851 1655 sibi
1868 1611 1914 1656 esse
1969 1587 1970 1660 l

350 1693 450 1753 extitit
460 1710 495 1753 ac
504 1690 657 1752 salutaris.
1171 1690 1375 1771 perpendunt,
1386 1690 1517 1750 dicimus
1531 1707 1603 1749 cum
1618 1690 1649 1750 S.
1666 1687 1770 1749 Leone
1785 1687 1914 1764 ronuta,
1969 1692 1970 1707 *

391 1784 431 1846 At
445 1785 484 1845 ad
503 1789 618 1844 ceteras
638 1780 849 1842 acerbissimas
870 1799 986 1858 causas,
1009 1782 1122 1861 quibus
1171 1784 1199 1845 si
1222 1783 1353 1864 ipsorum
1375 1781 1536 1844 diademati
1556 1779 1592 1841 de
1615 1800 1704 1841 maon
1718 1778 1841 1841 Domini
1850 1780 1915 1841 ettam
1969 1827 1970 1830 ,

351 1876 473 1938 solliciti
501 1893 618 1951 sumus,
642 1879 673 1935 et
698 1875 732 1934 iu
760 1873 919 1935 communi
945 1874 1122 1937 discrimine
1171 1874 1388 1958 fideioddotor
1401 1893 1520 1937 corono.
1538 1872 1917 1953 Positiquasiparentes,et

351 1969 458 2031 dolore
468 1969 604 2049 quodam
619 1967 765 2045 angimur
779 1967 947 2047 praecipuo,
970 1985 1122 2029 accessere
1171 1975 1288 2031 tutores
1302 1967 1501 2051 populorum,
1517 1982 1634 2034 veram,
1651 1971 1851 2041 constantem,
1862 1977 1917 2045 opu-

351 2062 595 2125 consoeiationas
615 2060 769 2139 quaedam,
785 2059 917 2140 stetique
931 2065 1038 2137 cretus,
1054 2061 1124 2141 qui·
1171 2064 1286 2125 lentam
1302 2063 1338 2122 iis
1348 2059 1624 2141 quietemparient,
1635 2064 1665 2120 et
1675 2055 1916 2139 tranquillitatem,

351 2157 420 2232 bus,
447 2155 535 2235 quasi
561 2154 684 2232 agmine
701 2153 780 2213 facto
804 2169 876 2214 cum
901 2152 1123 2233 cujuscumque
1172 2157 1198 2217 sl
1211 2156 1245 2216 in
1264 2168 1334 2216 eam
1355 2153 1550 2235 potissimum
1567 2170 1674 2213 curam
1695 2151 1878 2227 incumbant,
1894 2154 1918 2209 u

352 2250 444 2312 etiarn
459 2248 543 2309 falsae
561 2245 718 2326 religionis
732 2265 767 2307 ac
789 2246 890 2306 cultus
909 2247 1120 2324 sectatoribus,
1172 2248 1335 2310 incolumis
1353 2246 1394 2307 sit
1417 2245 1536 2325 lteligio
1555 2250 1586 2304 et
1603 2244 1701 2324 pietas
1715 2244 1749 2305 in
1764 2247 1867 2319 Deum,
1880 2239 1919 2321 qui

352 2343 496 2403 simulata
518 2338 644 2419 quidem
664 2339 696 2399 in
710 2337 893 2417 religionem
907 2339 1031 2418 pietate,
1051 2356 1123 2400 vere
1172 2342 1265 2403 habet
1287 2340 1436 2421 seriptum
1459 2339 1493 2399 in
1515 2338 1657 2399 temore}
1687 2337 1754 2400 Itos
1784 2336 1882 2418 licque
1899 2338 1919 2393 et

351 2441 458 2496 tamen
478 2431 634 2505 novitatis,
657 2432 906 2510 seditionumque
921 2427 1036 2510 ubique
1051 2451 1122 2512 pro·
1173 2433 1315 2495 Dominus
1326 2431 1554 2493 dominantium.

352 2524 578 2585 movendarum
593 2521 746 2600 cupidine,
763 2519 888 2581 libertas
894 2522 996 2581 omnis
1001 2521 1124 2600 generis
1213 2528 1273 2588 Sed
1285 2532 1321 2586 ut
1335 2524 1440 2586 omnia
1451 2524 1519 2585 haee
1528 2541 1674 2604 prospere
1688 2539 1724 2583 ac
1737 2521 1860 2584 feliciter
1871 2538 1921 2582 ere

351 2618 548 2698 praedicatur,
566 2614 815 2694 perturbationes
828 2616 862 2674 in
874 2630 991 2674 sacram
1006 2619 1037 2674 et
1051 2614 1124 2674 civi·
1173 2620 1271 2694 niaut,
1288 2619 1428 2679 levamus
1442 2617 1548 2678 oculos
1563 2630 1737 2694 manusque
1752 2615 1792 2675 ad
1811 2614 1920 2675 Sanctis

352 2711 414 2771 lem
426 2728 493 2771 rem
508 2708 706 2783 suscitantur,
719 2707 853 2767 sanctior
864 2705 1009 2786 quaelibet
1022 2711 1125 2767 arieto·
1173 2713 1285 2774 simam
1292 2709 1453 2790 Virginem
1462 2709 1629 2776 MARIAM,
1637 2726 1707 2787 quar
1715 2707 1781 2768 sola
1788 2706 1922 2767 uniuersas

352 2804 451 2863 riiaiis
466 2800 659 2879 discerpitur·
1174 2806 1306 2866 baereses
1319 2803 1486 2877 interemit,
1494 2800 1666 2879 Nostraque
1676 2801 1812 2860 maxima
1821 2798 1922 2872 fiducia,

395 2895 468 2954 llaec
481 2892 655 2973 perdolenti
669 2908 742 2951 sane
757 2890 1124 2963 animo,fidentestamen
1174 2899 1237 2958 imo
1264 2902 1329 2957 toto
1358 2895 1437 2955 ratio
1458 2899 1503 2955 ost
1525 2894 1590 2974 spei
1613 2891 1766 2953 Nostrae'.
1793 2894 1852 2954 Suo
1874 2891 1924 2969 ipsa

354 2987 387 3048 in
401 2989 455 3063 Eo,
471 2985 525 3064 qui
540 2983 780 3063 imperatrentis
795 2983 906 3043 etfacit
918 2983 1123 3062 tranquillita-
1175 2987 1344 3071 patrocinio
1362 2987 1394 3047 in
1413 2992 1498 3047 tanto
1516 2985 1668 3046 Dominioi
1689 2987 1793 3065 gregis
1814 2980 1925 3045 necessi·

352 3088 428 3151 tem,
446 3078 609 3139 scribimus
625 3076 664 3137 ad
685 3093 750 3150 vos,
774 3075 971 3136 venerabiles
992 3077 1122 3151 Fratres,
1173 3089 1235 3144 toto
1258 3079 1375 3156 studiis,
1401 3079 1552 3154 consiliis,
1572 3078 1808 3158 actionibusque
1830 3071 1925 3138 Nostris

241 3209 245 3215 -
353 3178 389 3233 ut
412 3171 513 3231 induti
537 3175 660 3230 scutum
682 3167 756 3228 fidei
779 3168 968 3228 aorrtendatis
992 3167 1124 3247 praeliari
1174 3175 1273 3236 exitus
1287 3171 1525 3233 secundissimos
1538 3170 1696 3251 imploret.
1710 3171 1743 3231 ld
1756 3177 1788 3232 et
1801 3169 1839 3231 ab
1852 3170 1927 3248 lpas

352 3272 479 3325 strenue
498 3263 603 3342 praelia
625 3261 759 3321 Domini.
771 3261 828 3321 rid
850 3279 904 3320 vos
928 3260 1124 3340 potissimum
1173 3270 1309 3329 telorum
1325 3264 1466 3344 Principe
1475 3264 1612 3340 PETRO,
1629 3266 1659 3324 et
1673 3263 1711 3323 ab
1730 3264 1799 3342 ejus
1817 3264 1926 3340 Coapos

353 3359 498 3438 pertinet,
515 3361 595 3416 stare
611 3373 667 3435 pro
688 3373 778 3415 muro
793 3360 900 3414 contra
914 3372 1041 3414 omnem
1054 3354 1124 3414 alti·
1174 3362 1237 3421 tolo
1271 3356 1395 3421 PAULO
1421 3356 1532 3417 humili
1555 3375 1645 3437 preco
1669 3356 1880 3435 efflagitemus,
1901 3355 1928 3412 ut

352 3451 495 3510 tudinem
523 3448 721 3508 extollentem
744 3465 776 3506 se
800 3447 945 3506 adversus
965 3446 1124 3506 scientiam
1174 3453 1259 3515 stetis
1282 3469 1390 3513 ornnes
1413 3468 1470 3529 pro
1500 3467 1611 3524 muro,
1640 3466 1680 3510 ne
1707 3446 1927 3510 burdemontem

353 3543 418 3602 Dei·
434 3541 554 3602 Exssliit
573 3541 711 3619 gladium
734 3539 869 3618 Spiritus,
895 3538 978 3618 quod
993 3543 1038 3598 esi
1051 3555 1123 3599 Vei·
1173 3544 1259 3608 aliud
1286 3549 1419 3626 ponatur
1442 3547 1555 3623 praeter
1576 3538 1609 3601 id
1634 3543 1718 3622 quod
1741 3543 1872 3623 positum
1885 3540 1927 3599 est.

352 3636 429 3695 hum
440 3634 506 3708 Diti,
520 3633 716 3711 hflhfflfliqfle
730 3631 848 3692 ambis
860 3649 982 3710 Panemo
995 3628 1048 3710 qui
1058 3649 1124 3692 ⁰⁸11·
1174 3640 1238 3700 Hac
1248 3637 1390 3717 jucunda
1406 3650 1459 3715 spe
1473 3633 1553 3708 freti,
1570 3635 1765 3706 confidimus,
1783 3634 1929 3696 Auctorem
1987 3632 1988 3637 ’

353 3728 439 3788 riunt
449 3727 612 3805 justitiam.
627 3725 752 3801 Adsciti,
764 3729 800 3784 ut
813 3723 877 3783 sitis
890 3722 1022 3783 cultores
1032 3723 1131 3803 gnavi.
1174 3735 1518 3805 consummatoremque
1526 3727 1598 3788 fidoi
1612 3724 1738 3788 JESUM
1751 3717 1929 3788 eflfltsttlil
1987 3716 1988 3722 ’

353 3819 386 3879 in
396 3821 486 3880 vinea
500 3818 633 3886 Domini,
648 3818 680 3878 id
694 3835 795 3877 unum
805 3818 896 3895 agite,
913 3816 945 3874 in
960 3815 1019 3875 hoe
1033 3816 1126 3877 simol
1174 3823 1404 3885 consolaturum
1423 3820 1551 3880 tandem
1566 3838 1631 3880 asse
1649 3819 1711 3880 Nos
1726 3812 1929 3880 omnostutri
1987 3861 1988 3889 ,

352 3913 501 3988 Ῑῐὼθΐᾶῑθ,
527 3917 562 3971 lli
583 3911 670 3971 rsstlix
689 3909 833 3989 qttaellbt‘i
856 3907 1071 3969 amaritudinis
1087 3926 1126 3968 ex
1174 3914 1398 3990 halationibus,
1409 3930 1479 3992 quae
1493 3912 1681 3973 invenerunt
1693 3912 1755 3973 Nos
1770 3911 1870 3986 nimis,
1885 3926 1931 3968 tar·

354 4024 428 4083 38Υο
463 4005 553 4063 l‘ObiS
589 4003 752 4062 ⁰011¹ffli⁵S⁰
787 4001 947 4075 Ol'ssllssillra
980 4000 1126 4078 Omnique
1173 4007 1319 4087 lectisque
1333 4005 1441 4066 auxilii
1454 4005 1610 4084 auspicem
1628 4005 1836 4085 Apostolieam
1850 4001 1931 4062 Bene·

354 4102 479 4157 enecato
492 4095 769 4156 seminaritiorum
784 4092 1026 4153 ceorrraloseatibi
1039 4109 1126 4170 seges
1175 4103 1353 4176 (notionem,
1382 4098 1485 4174 vohis,
1517 4097 1715 4159 venorabilos
1744 4092 1879 4171 Fratres,
1909 4097 1933 4152 ot
1979 4082 1980 4120 ἕ

353 4188 424 4249 lffliss
437 4189 600 4248 Vistilium·
621 4188 680 4246 EOS
695 4187 728 4246 iu
745 4186 852 4265 Primis
872 4185 982 4245 flffsstill
997 4188 1126 4263 pssissrsstt
1176 4194 1285 4254 ovibus
1303 4196 1412 4251 restrae
1436 4207 1517 4250 curce
1538 4190 1658 4250 traditis
1681 4194 1876 4271 peramanter
1888 4187 1932 4261 im·

354 4281 516 4362 complexi,
531 4281 586 4360 qui
600 4279 638 4339 ad
653 4297 753 4339 sacras
767 4279 940 4358 praesertim
952 4277 1127 4356 disciplinas
1175 4286 1337 4368 potimur,

355 4379 385 4434 et
408 4375 446 4433 ad
469 4373 695 4453 philosophicas
720 4372 895 4450 questiones
910 4371 1051 4430 animum
1076 4387 1128 4448 ap-
1216 4381 1328 4440 Datum
1354 4375 1459 4436 Romae
1487 4374 1570 4456 opud
1598 4375 1629 4436 s,
1656 4370 1787 4438 Mariam
1798 4375 1933 4453 majorom

354 4466 472 4547 pulcre,
496 4467 669 4525 hortatores
690 4470 890 4542 auctoresque
917 4462 1027 4522 iisdem
1049 4461 1124 4535 sitis,
1176 4471 1281 4533 xvul,
1319 4467 1471 4529 Kolondos
1503 4469 1691 4547 soptomhrio
1722 4470 1772 4530 ,110
1807 4462 1934 4529 fflflomoi

355 4577 395 4618 ne
422 4559 516 4618 solius
542 4557 659 4636 ingenii
684 4556 734 4616 sni
761 4555 878 4615 viribus
903 4554 973 4614 freti
1007 4553 1125 4633 impru-
1175 4559 1400 4642 Assumptionis
1421 4560 1559 4637 ejusdem
1582 4561 1616 4620 Β,
1640 4560 1677 4621 v,
1695 4560 1835 4622 MgfflAE
1858 4560 1934 4619 Anno

355 4650 505 4710 deniers
530 4649 666 4709 veritatis
693 4648 802 4709 semita
836 4647 868 4707 in
903 4647 986 4707 Viam
1014 4646 1128 4706 ubtflssi
1176 4655 1343 4717 Dominieae
1356 4646 1577 4712 iucarnationis
1585 4652 1832 4715 MDCGCXXXH.
1845 4647 1934 4713 Ponti-

354 4741 534 4822 impiorum.
556 4742 764 4818 Meminerint,
781 4742 880 4801 Deum
894 4757 958 4800 esse
973 4737 1128 4817 sapientise
1176 4748 1285 4809 fiootuo
1300 4743 1402 4807 Nostri
1416 4743 1507 4804 Anno
1523 4743 1559 4804 ll.

353 4834 469 4912 ducem,
483 4837 751 4915 erreadatoremque
770 4833 952 4914 sapientium
971 4830 992 4906 ¹,
1012 4849 1047 4890 ae
1060 4831 1127 4891 fieri

354 4946 420 4988 non
428 4942 527 5008 posse,
539 4933 575 4988 ut
583 4927 648 4987 sine
658 4927 831 4987 Deolleum
839 4923 1062 5002 diseamus,qui
1072 4941 1127 5002 por

354 5021 485 5082 verbum
499 5021 587 5081 docet
599 5020 742 5080 homiues
756 5019 831 5079 sciro
840 5020 938 5079 Deum
949 5015 972 5077 ¹.
982 5015 1125 5097 Superbi,

355 5131 408 5174 seu
423 5113 526 5193 potius
539 5113 710 5192 insipientis
729 5111 867 5172 hominis
883 5115 938 5187 est,
955 5109 1027 5170 fidei
1041 5126 1126 5188 mys-

354 5208 443 5281 teria,
452 5225 522 5286 quae
534 5209 720 5285 exsuperant
729 5221 856 5266 omnem
866 5220 1002 5281 sensum,
1015 5202 1126 5262 buma-

391 5416 402 5465 1
425 5415 480 5479 Sap.
497 5415 520 5465 t.
537 5416 577 5466 15.
1212 5409 1227 5458 3
1245 5407 1285 5458 Er.
1302 5408 1329 5459 S.
1345 5408 1458 5460 Bernardo
1473 5408 1547 5461 Serm.
1563 5408 1592 5460 de
1607 5413 1653 5459 nat.
1672 5406 1697 5458 B.
1714 5402 1743 5458 li.
1762 5399 1790 5459 i.
1805 5401 1819 5475 ᾖ
1836 5404 1857 5457 t.

389 5491 404 5540 2
423 5490 450 5542 S.
463 5490 552 5541 lrercus
570 5488 620 5540 Lib.
639 5487 678 5539 tt.
699 5486 754 5552 Cap.
772 5487 811 5538 to.
1027 5513 1033 5517 -
