3976 6342
571 480 621 542 DE
640 479 747 542 Lotus
768 475 935 544 Montius
955 475 1196 551 sumtuose.

111 631 254 724 locorum,
274 647 412 728 quotidie
433 647 531 724 magis
555 647 666 728 Qeat,
687 647 807 727 floreat,
827 665 862 712 ao

109 743 236 817 regnata
264 739 343 802 brari
363 757 462 821 usque
480 742 520 803 ad
539 759 624 803 mare
645 747 708 803 eta
729 737 858 804 humine
1246 767 1341 830 xvfl·

107 847 192 910 usque
203 831 241 892 ad
254 833 404 895 terminos
424 835 508 895 orbis
521 841 687 912 terrarum,
716 837 863 914 omnique

105 941 182 1003 pace,
192 925 424 1005 tranquillitate,
441 927 624 989 aolibertate
635 926 757 988 fruator
770 933 806 988 ut
818 930 863 990 rei
1210 929 1257 985 SS·
1286 930 1317 985 D·
1345 929 1378 986 N·

105 1017 225 1090 reniam,
256 1019 331 1097 aegri
345 1021 511 1095 medelam,
537 1021 642 1100 pusilli
651 1021 742 1082 corde
754 1021 861 1097 robur,

103 1107 862 1194 afflicticonsoiationem,periclitantesadjutorium
999 1097 1031 1179 P
1052 1100 1088 1183 Α
1108 1100 1141 1182 Ρ
1163 1101 1212 1185 AE
1240 1181 1249 1190 ,
1280 1103 1312 1185 P
1334 1101 1352 1184 Ῑ
1374 1101 1392 1184 I
1449 1102 1467 1185 Ῑ
1489 1102 1527 1186 X
1549 1169 1558 1188 .

102 1200 261 1278 obtineant,
278 1210 431 1268 etomnes
447 1213 585 1268 errantes
602 1206 736 1268 discussa
750 1209 862 1269 mentis
957 1219 959 1226 ’

103 1295 221 1375 caligine
249 1299 288 1358 ad
314 1299 451 1360 veritatis
493 1316 529 1361 ac
560 1301 687 1380 justitiae
719 1301 861 1362 semitam
1064 1296 1256 1369 Eoolsslissflfld
1271 1299 1531 1372 ⁰¹1¹¹¹⁰⁸⁰ili⁵⁰⁰ll⁰⁸·

100 1385 230 1462 redeant,
246 1406 281 1449 ae
307 1389 361 1449 ilat
383 1403 484 1450 unum
497 1389 588 1464 ovile,
604 1394 635 1450 et
648 1408 730 1450 unus
744 1395 859 1470 pastor.

137 1480 268 1541 auolant
291 1481 357 1543 uec
385 1483 495 1543 Nostra
514 1483 610 1543 verba
637 1499 745 1544 omnes
768 1483 862 1544 Nobis
952 1495 1072 1568 Quanto
1086 1513 1158 1556 eura
1173 1515 1208 1557 ao
1222 1497 1535 1577 pastoralivigilanua
1549 1499 1682 1560 Romani

100 1571 240 1633 fflflffilffii
254 1573 416 1635 Gflihfflssae
440 1573 579 1635 Ess'sslflslffl
599 1575 665 1650 filii,
691 1581 723 1636 et
749 1575 860 1636 &idess-
911 1587 1072 1649 Pontifices
1086 1591 1327 1651 Praedeoessores
1350 1592 1468 1652 Nostris
1482 1595 1682 1670 exsequentes

100 1663 166 1725 tiori
192 1683 288 1746 usque
315 1668 458 1748 piatatis,
485 1666 655 1746 religionis,
691 1675 722 1728 et
747 1671 862 1730 amoris
911 1679 1133 1742 demandatum
1151 1683 1207 1742 sibi
1222 1683 1341 1763 abipso
1366 1684 1487 1744 Christo
1502 1685 1634 1744 Domino
1647 1685 1681 1744 in

101 1761 193 1820 ΜΟ
206 1765 336 1840 Vergini
348 1762 459 1835 ⁰⁰l⁰l9s
474 1761 627 1833 inimare,
644 1778 770 1824 emitte
784 1763 860 1823 befl-
911 1791 1042 1852 persona
1057 1776 1228 1836 Beatissimi
1243 1777 1324 1836 Petri
1338 1777 1555 1856 Apostolorum
1568 1777 1681 1838 Princi-

101 1853 240 1913 tissimam
260 1853 314 1913 Dei
337 1855 529 1915 Genetrieem
550 1855 711 1933 Virginem
732 1856 861 1916 hieriam
911 1863 958 1942 pis
984 1863 1129 1938 officium,
1154 1883 1330 1944 munusque
1354 1867 1500 1944 pascendi
1525 1885 1622 1946 agnos
1651 1874 1682 1927 et

104 1946 162 2005 sine
182 1945 248 2007 laba
278 1947 421 2026 originali
449 1954 640 2027 conceptam,
671 1955 762 2027 atque
781 1949 861 2010 harro
910 1973 982 2016 oves
995 1974 1158 2035 nunquam
1178 1959 1400 2019 intermiserint
1418 1959 1598 2020 universum
1624 1959 1681 2020 Do-

106 2039 299 2100 duloissimam
312 2041 531 2102 misericordias
551 2047 582 2102 et
606 2041 713 2120 gratiae
730 2041 859 2102 Matrem
910 2049 1060 2109 minicum
1073 2069 1199 2129 gregem
1213 2051 1319 2111 sedulo
1334 2051 1470 2112 enutrire
1484 2051 1678 2128 verbisfidei,

109 2128 857 2214 inomnibuspericulis,angustiis,necessitatibus,
909 2157 945 2202 ac,
960 2141 1087 2203 salutari
1105 2144 1243 2204 doctrina
1263 2145 1415 2221 imbuere,
1432 2163 1566 2224 eumque
1585 2162 1679 2204 vene-

109 2227 243 2308 rebusque
256 2227 358 2288 dubiis
372 2247 407 2288 ae
418 2227 547 2307 trepidis
561 2245 634 2287 rum
646 2227 732 2287 omni
748 2227 860 2288 tiducia
909 2235 989 2294 natis
1018 2235 1139 2314 pascuis
1166 2253 1280 2310 arcere,
1310 2235 1454 2297 omnibus
1486 2237 1612 2317 quidem
1644 2257 1679 2298 ac

112 2321 277 2399 mniugiant.
301 2321 384 2381 Nihil
402 2321 487 2381 enim
509 2321 695 2392 timendum,
720 2319 859 2398 nihilque
909 2327 1003 2388 Vobis
1016 2329 1186 2407 praesertim
1201 2335 1404 2408 compertum.
1424 2330 1679 2409 exploratumque

16 2461 17 2467 κ
111 2415 317 2494 desperandum
333 2415 398 2494 ipsa
423 2415 512 2488 duee,
542 2415 610 2493 lpse
633 2413 767 2491 auspice,
792 2413 858 2492 Ipsa
909 2421 964 2485 est,
978 2417 1318 2478 VenerabilesFratrcs.
1332 2420 1370 2478 Et
1383 2437 1456 2478 sane
1470 2419 1565 2479 iidem
1574 2420 1680 2479 Deces-

17 2518 19 2546 ἱ
112 2507 233 2587 propitia,
266 2509 334 2587 Ipsa
368 2511 561 2587 protegente,
586 2523 655 2585 quse
682 2511 858 2567 maternum
909 2527 993 2569 sores
1019 2510 1121 2570 Nostri
1148 2517 1286 2589 augustae
1318 2511 1475 2572 catholicae
1508 2511 1676 2590 religionis,

110 2617 170 2660 sana
181 2602 393 2678 inuosgcreus
403 2600 555 2674 animum,
568 2599 859 2676 nostraquesaluus
909 2601 1045 2662 veniatis
1060 2621 1095 2662 ao
1109 2603 1236 2680 justitiae
1256 2609 1421 2664 assertores
1434 2609 1465 2664 et
1477 2603 1624 2678 vindices,
1640 2604 1677 2665 de

109 2695 212 2770 negotia
225 2699 360 2754 tractans
372 2694 410 2753 de
424 2693 571 2752 universo
584 2691 723 2751 humano
744 2709 858 2770 genere
909 2695 1084 2755 animorum
1097 2695 1194 2756 salute
1208 2696 1341 2755 maxime
1353 2695 1475 2756 solliciti
1488 2695 1567 2755 nihil
1576 2697 1678 2775 potius

108 2783 858 2864 estsolhcitamtcraliterreequeReginaeDomino
908 2805 1047 2866 unquam
1074 2788 1222 2864 habuere,
1246 2805 1339 2867 quam
1362 2787 1591 2868 sapientissimis
1615 2789 1678 2848 suis

106 2881 261 2952 constituta,
277 2897 313 2940 oc
322 2896 415 2957 super
429 2877 735 2954 omneshngelorum
748 2877 858 2937 choros
909 2881 1040 2953 Litteris,
1057 2885 1089 2940 et
1102 2879 1378 2941 constitutionibus
1398 2885 1536 2958 retegere
1549 2885 1580 2941 et
1592 2880 1677 2941 darn·

106 2969 332 3051 Sanctorumque
360 2970 486 3030 ordines
522 2969 656 3029 exaltata
685 2969 809 3028 adstans
839 2987 858 3029 a
908 2991 984 3033 nere
1002 2991 1110 3033 omnes
1127 2973 1259 3034 haereses
1277 2977 1308 3032 et
1327 2991 1457 3045 errores,
1484 2972 1537 3052 qui
1559 2973 1676 3035 Divinos

104 3061 204 3124 dextris
217 3065 373 3144 Unigenili
390 3063 458 3124 Filii
470 3063 518 3123 sui
533 3061 657 3122 Domini
672 3061 773 3120 Nostri
784 3063 856 3122 iesu
910 3065 996 3126 Fidei
1022 3070 1145 3141 nostrie,
1161 3066 1317 3126 catholica
1347 3064 1486 3126 Ecclesia
1515 3065 1673 3136 doctrina,

104 3154 200 3216 Christi
225 3157 373 3219 maternis
399 3157 462 3216 suls
498 3155 640 3234 precibus
672 3153 857 3216 ualidissime
908 3175 1033 3218 morum
1057 3159 1221 3233 honestati,
1244 3177 1279 3218 ac
1300 3159 1491 3238 sempiternae
1511 3158 1676 3219 hominum

102 3245 241 3326 impetrat,
257 3255 287 3311 et
299 3250 383 3330 quod
397 3247 510 3326 quaerit
523 3246 653 3320 invenit,
668 3263 704 3306 ar
716 3245 857 3307 frustrari
908 3251 1000 3310 saluti
1018 3250 1149 3328 adversi,
1174 3267 1282 3330 graves
1304 3250 1479 3330 trequentes
1504 3249 1677 3312 exeitamnt

101 3355 155 3399 non
169 3347 275 3421 potest.
907 3348 1116 3423 tempestates,
1132 3348 1163 3404 et
1180 3343 1380 3404 christianam
1398 3343 1580 3421 civilemque
1598 3361 1678 3405 rem-

135 3433 265 3514 Denique
273 3439 308 3495 ot
317 3434 357 3495 ed
367 3432 550 3494 universalis
559 3431 858 3493 Ecclesiee'notitiam
907 3435 1065 3516 publicam
1081 3435 1674 3498 miseranduminmodumfunestarunt.

100 3519 158 3586 heo
171 3527 277 3588 Nostra
293 3527 332 3588 de
347 3525 548 3586 Immaculata
563 3525 770 3604 Conceptione
784 3523 856 3585 bea·
908 3529 1055 3603 erooirca
1071 3529 1165 3590 iidem
1184 3529 1362 3589 Decessores
1381 3529 1481 3588 Nostri
1504 3527 1677 3607 apostolica

99 3615 212 3680 haime
234 3619 369 3698 Virginis
382 3618 488 3678 Mariae
512 3615 652 3678 delinitio
673 3616 855 3694 deducatur,
906 3617 1086 3679 fortitudine
1112 3617 1306 3678 continenter
1336 3615 1522 3677 obstitemnt
1552 3617 1676 3678 neiariis

98 3707 146 3768 has
167 3712 348 3792 ¹ttpostolicas
374 3711 500 3772 Nostrae
528 3712 666 3777 Litteras,
690 3709 729 3769 ed
751 3727 858 3789 perpe-
907 3711 1088 3789 iniquorum
1108 3711 1273 3771 hominum
1292 3709 1513 3784 molitionibus,
1538 3710 1592 3789 qui
1612 3710 1676 3772 des

96 3803 172 3864 torm
193 3806 238 3866 rei
256 3805 439 3866 memoriam
460 3809 563 3864 extare
586 3803 754 3870 voluimos:
772 3819 858 3864 mon-
907 3809 1071 3884 pumantcs
1085 3810 1246 3882 tamquam
1263 3803 1374 3863 ssnotus
1386 3802 1443 3863 ieri
1457 3803 1552 3862 maris
1571 3803 1676 3864 isoniu-

94 3893 193 3958 dantes
208 3903 241 3959 nt
264 3897 379 3958 barum
402 3895 616 3976 transumptis,
632 3913 687 3956 seu
707 3895 857 3972 exemplis
907 3897 1009 3957 aiones
1023 3915 1105 3972 suas,
1121 3913 1157 3956 ao
1169 3896 1345 3956 libertatem
1362 3895 1586 3974 promittentes,
1603 3913 1674 3956 oum

93 3988 179 4049 etiam
195 3991 461 4070 impressis,manu
475 3987 730 4067 alicujusNotarii
741 3987 856 4066 publici
906 3991 987 4050 servi
1000 3989 1290 4067 sintcorruptionis,
1305 3987 1464 4048 fallacibus
1478 3987 1540 4047 suis
1554 3988 1674 4066 opinio-

91 4079 272 4162 sohsariptis,
290 4101 323 4143 es
337 4081 435 4156 sigillo
449 4097 589 4160 personae
605 4081 638 4140 in
657 4080 857 4141 erclenastioa
905 4082 1010 4156 nibus,
1032 4087 1063 4142 et
1089 4079 1352 4160 perniciossisimis
1376 4079 1496 4158 scriptis
1521 4079 1675 4144 catholieo

89 4171 232 4250 dignitate
252 4175 429 4236 constitutas
456 4173 587 4234 munitis
611 4173 719 4233 eadem
732 4189 856 4250 prorsus
906 4174 1063 4252 religionis
1097 4172 1254 4251 civilisque
1288 4171 1441 4233 societatis
1474 4171 1675 4234 fundamenta

87 4261 210 4328 fldesab
222 4267 368 4328 omnibns
382 4266 575 4340 adhiheatur,
591 4281 662 4342 qua
683 4263 757 4343 ipsis
770 4283 854 4343 prae-
906 4267 1088 4342 convellere,
1108 4281 1294 4344 omnemque
1312 4264 1508 4324 virtutemne
1523 4265 1674 4341 justitiam

86 4357 221 4420 sentibus
241 4360 452 4434 adhiberetur,
478 4357 504 4418 si
516 4358 618 4419 forent
630 4355 787 4429 exhibitae,
806 4359 855 4418 vel
906 4361 945 4420 de
967 4360 1070 4421 medio
1090 4359 1209 4432 tollere,
1230 4358 1432 4436 omniumque
1450 4358 1572 4419 animos
1589 4375 1676 4420 men—

85 4455 224 4514 ostensas.
905 4457 1012 4532 tesqua
1038 4451 1219 4531 depravare,
1236 4455 1267 4510 et
1279 4450 1420 4510 incautos
1436 4449 1674 4530 imperitumque

120 4543 204 4605 Nulli
219 4560 291 4624 ergo
307 4543 474 4606 hominum
498 4541 589 4603 liceat
615 4541 761 4622 paginam
774 4541 855 4604 hanc
904 4545 1073 4624 prasertim
1088 4543 1284 4622 juventutem
1303 4561 1321 4602 a
1340 4547 1424 4604 rocta
1443 4559 1567 4603 morum
1584 4544 1673 4606 disci·

82 4633 201 4699 Nostrae
216 4637 441 4718 decimationis,
451 4635 717 4714 pronunciationis
733 4651 768 4694 ac
782 4635 855 4696 deti-
904 4637 991 4717 plina
1004 4641 1151 4709 avertere,
1167 4653 1298 4714 eamque
1312 4634 1528 4698 miserabiliter
1538 4654 1675 4698 corrum-

81 4727 211 4790 nitiouis
236 4729 418 4806 intringere,
448 4727 498 4788 vel
523 4727 552 4788 el
580 4745 657 4787 ausu
689 4728 853 4788 temerario
904 4749 988 4808 pere,
1004 4731 1037 4789 in
1055 4729 1168 4790 erroris
1181 4728 1306 4807 laqueos
1321 4728 1477 4802 inducere,
1495 4745 1531 4789 ac
1548 4730 1673 4791 tandem

82 4819 237 4882 adversari
264 4827 295 4883 et
318 4819 481 4881 contraire.
517 4820 640 4898 Siquis
666 4822 771 4880 autem
795 4820 854 4882 hoc
904 4823 943 4882 ab
969 4822 1106 4883 Ecclesiae
1129 4820 1282 4882 catholicae
1310 4819 1378 4882 sinu
1407 4818 1538 4882 avellere
1573 4821 1674 4882 conati
1763 4871 1767 4880 .

83 4917 236 4973 attentare
249 4913 490 4993 praesumpserit,
502 4911 747 4990 indignationem
755 4914 854 4973 omni·
903 4921 986 4976 sunt.

83 5005 219 5080 potentis
244 5006 298 5065 Dei
323 5023 359 5064 ao
396 5003 557 5064 beatorum
591 5003 671 5064 Petri
702 5009 734 5064 et
766 5003 853 5065 Pauli
942 5009 1013 5068 lom
1035 5025 1120 5082 vero,
1141 5007 1187 5066 uti
1203 5007 1300 5082 vohis,
1323 5005 1520 5066 Venerabiles
1542 5005 1672 5079 Fratres,

86 5091 304 5172 Apostolorum
322 5097 388 5173 ajrrs
402 5096 786 5156 senoverltineursurum.
903 5101 1041 5179 apprime
1068 5105 1176 5160 notum
1204 5105 1260 5175 est,
1288 5101 1349 5159 Nos
1375 5099 1427 5158 vix
1453 5098 1529 5158 dnm
1562 5115 1673 5158 arcano

124 5185 240 5248 Datum
254 5188 449 5266 Romeapud
458 5189 605 5248 Sanctum
622 5188 749 5248 Petrum
763 5188 853 5248 huno
903 5191 1015 5252 divinas
1024 5191 1355 5270 providentiaecousiiio
1366 5189 1548 5250 nulliscerte
1558 5189 1675 5250 Nostris

86 5275 311 5338 incarnationis
330 5280 495 5342 Dominicis
515 5279 680 5341 millesimo
693 5281 852 5358 octingen-
903 5285 1021 5345 meritis
1038 5285 1078 5344 ad
1098 5285 1180 5345 banc
1197 5284 1277 5345 Petri
1296 5283 1479 5344 Cathedrom
1499 5280 1595 5342 evecti
1617 5279 1675 5340 fui-

89 5367 854 5452 tesimoqniuquagesimoquarto,Vlllduslleoem-
903 5395 984 5450 mus,
1005 5394 1079 5436 cum
1105 5377 1281 5437 videremus
1304 5391 1427 5436 sommo
1451 5373 1548 5434 animi
1572 5373 1675 5434 Nostri

94 5457 158 5518 bris
186 5477 268 5520 anno
300 5461 492 5537 billGCtlLlV,
527 5463 724 5525 pontificatus
750 5464 850 5524 Nostri
902 5467 1008 5528 dolore
1027 5467 1206 5528 horribilem
1229 5485 1302 5528 sane
1320 5465 1487 5545 procellam
1504 5469 1550 5524 tot
1572 5467 1675 5542 pravis

97 5563 285 5618 annonono,
621 5583 623 5588 ·
902 5559 1101 5638 opinionibus
1114 5559 1287 5634 excimtam,
1300 5565 1331 5620 et
1343 5557 1582 5634 gravissima,ac
1594 5575 1674 5624 uun.

545 5649 632 5710 PiUS
647 5651 703 5711 ΡΡ.
718 5651 769 5710 lx.
902 5668 996 5729 quam
1012 5653 1084 5712 satis
1103 5652 1237 5730 lugenda
1257 5652 1380 5724 damna,
1398 5668 1467 5728 quae
1483 5651 1517 5712 iu
1530 5653 1671 5716 christia·
