4200 6348
597 467 647 526 DE
666 465 772 528 INCIS
794 464 961 530 naumis
982 466 1224 530 THEOLOGIAE.
1667 469 1706 530 87

150 631 183 692 lte
195 629 328 694 nationali
339 629 464 694 cmcilio
481 631 671 694 conlocando.
694 631 799 712 (libel.
822 634 886 692 rne-

173 723 276 786 aaorial.
300 741 358 804 pro
373 741 500 786 convoc.
521 724 630 788 ooaacil.
647 725 795 786 rational.
811 724 829 803 ἓ
844 722 885 803 l.)

434 856 564 916 LXXV.

172 973 211 1032 85.
239 971 410 1054 propositio
443 971 610 1033 enuntians
628 972 886 1052 qualemcumque

142 1063 326 1144 cognitionem
350 1065 558 1127 ecclesiasticae
576 1065 713 1126 historica
734 1065 884 1127 sufficere.
938 1095 944 1108 ·

73 1167 74 1170 ’
141 1156 248 1218 allelui
261 1159 395 1238 quisque
413 1157 524 1219 debeat
538 1158 793 1219 convocationem
811 1177 886 1218 con·

141 1249 186 1310 rilii
198 1250 356 1312 rationalis
375 1268 473 1312 unam
493 1270 558 1312 esse
580 1270 618 1312 ex
638 1251 696 1310 viis
718 1251 884 1323 canonicis,

141 1361 187 1422 qua
196 1342 339 1404 finiantur
347 1345 381 1404 in
394 1344 526 1405 Ecclesia
536 1343 775 1424 respectivarum
785 1343 886 1404 natio-

140 1453 198 1496 num
211 1437 422 1498 controversia
443 1441 614 1517 spectantes
628 1437 667 1497 ad
681 1437 863 1516 religionem
876 1457 883 1512 ;

169 1528 208 1589 Sic
219 1529 380 1606 intellecta,
396 1535 431 1589 ut
452 1530 668 1590 controversiae
685 1530 723 1589 ad
745 1529 840 1589 fidem
855 1535 886 1590 et

138 1639 218 1682 mores
229 1628 400 1704 spectantes
414 1623 447 1682 in
465 1622 599 1683 Ecclesia
615 1641 809 1702 quacumque
832 1641 884 1682 su-

73 1781 74 1788 ,
137 1713 223 1792 barte,
241 1735 294 1796 per
314 1715 470 1777 nationale
493 1715 660 1776 concilium
683 1714 886 1793 irrefragabili

73 1807 74 1850 ff
134 1805 318 1886 judicialiniri
329 1809 454 1870 valeant
469 1829 476 1868 :
493 1807 759 1888 quasiinerrantia
769 1808 802 1868 iu
813 1807 885 1869 fidei

937 631 1020 694 sonis
1034 631 1211 694 distinctus:
1224 633 1460 713 orqrrslormulas
1470 632 1710 696 commutatione

937 723 996 786 hoc
1009 725 1040 784 vi
1056 725 1224 788 verborum
1240 727 1379 808 subrepit
1398 728 1510 788 erroris
1523 725 1708 806 periculum,

937 822 974 877 ut
986 817 1118 880 essentia
1132 819 1235 883 divina
1252 819 1397 882 distincta
1410 820 1444 880 in
1465 818 1605 900 personis
1616 822 1709 898 puta-

936 914 1103 999 tur,quam
1113 911 1346 975 tidescatholica
1355 913 1398 974 sic
1411 930 1508 972 unam
1522 913 1555 973 in
1569 911 1710 991 personis

937 1002 1087 1064 distinctis
1101 1004 1275 1080 confitetur,
1291 1010 1327 1066 ut
1340 1023 1409 1067 cam
1424 1005 1517 1068 simul
1529 1003 1710 1085 profiteatur

936 1115 970 1158 ru
985 1114 1017 1157 se
1028 1115 1155 1176 prorsus
1168 1097 1387 1158 indistinctam.

975 1189 1063 1268 §aa
1090 1190 1241 1265 Alterum,
1272 1191 1354 1270 quod
1383 1191 1420 1250 de
1444 1190 1584 1269 ipsismet
1609 1188 1710 1250 tribus

936 1281 1048 1344 divinis
1066 1282 1205 1362 personis
1218 1283 1321 1357 tradit,
1343 1301 1394 1344 cas
1412 1282 1583 1343 secundum
1600 1300 1709 1343 cauam

935 1376 1137 1456 proprietates
1150 1377 1337 1455 personales,
1354 1381 1384 1438 et
1403 1373 1709 1437 incommunicabiles

936 1469 1071 1530 exactius
1106 1468 1261 1547 loquendo
1296 1468 1439 1548 exprimi,
1475 1487 1529 1528 seu
1559 1467 1708 1547 appellari

935 1562 1069 1638 Patrem,
1087 1562 1235 1637 Verbum,
1251 1567 1281 1622 et
1295 1562 1444 1641 Spiritum
1458 1566 1609 1635 sanctum,
1620 1560 1707 1638 quasi

935 1655 1039 1715 miuus
1055 1655 1180 1734 propria
1193 1660 1225 1716 et
1238 1660 1344 1717 exacta
1362 1653 1440 1714 toret
1459 1653 1623 1732 appellatio
1640 1652 1708 1712 Filii

936 1747 1237 1826 totScripturaelocis
1249 1751 1434 1821 consecrata,
1447 1764 1522 1806 voce
1530 1746 1597 1824 ipsa
1608 1745 1707 1806 Patris

936 1840 1050 1900 eraclia
1064 1844 1125 1900 cte
1146 1840 1228 1900 nube
1246 1840 1379 1918 delapsa,
1396 1844 1463 1899 turn
1483 1837 1617 1898 formula
1634 1837 1707 1916 bap-

73 1897 74 1980 t
138 1905 291 1962 otmarum
322 1900 545 1982 questionibus
577 1900 726 1962 nationali
755 1900 884 1962 concilio
936 1929 1706 2012 tismiaChrismpraes„,ipqa‚t11metproeclara

73 2063 74 2068 κ
136 1999 307 2074 fflmpeteret’
935 2025 989 2085 illa
1022 2025 1232 2100 confessione,
1268 2043 1330 2104 qua
1355 2025 1465 2084 beatus
1498 2023 1537 2082 ab
1572 2023 1706 2102 ipsomet

73 2137 76 2220 Ξ,
303 2109 516 2186 Βθῆίδηῐαΐῑΰα,
539 2108 687 2172 koeretitt·
935 2116 1053 2178 Christo
1065 2118 1172 2178 Petrus
1180 2122 1226 2178 est
1234 2117 1467 2196 pronuntiatus;
1484 2133 1592 2178 acuon
1602 2115 1704 2194 potius

73 2225 75 2292 ζ
164 2218 331 2280 Mandemus
375 2218 472 2296 igitur
511 2215 657 2277 omnibus
719 2215 881 2295 utriusque
934 2210 1132 2270 retinendum
1146 2216 1225 2271 esset
1238 2210 1320 2290 quod
1335 2209 1459 2270 edoctus
1477 2207 1516 2270 ab
1532 2207 1704 2286 Augustino

73 2295 75 2390 ξ
135 2327 207 2370 seras
223 2310 329 2372 Christi
352 2309 505 2382 fidelibus,
522 2327 562 2370 na
582 2309 620 2369 dc
639 2307 727 2368 dictis
744 2309 884 2386 proposi·
935 2302 1099 2381 Angelicus
1113 2302 1303 2384 prereptor¹
1325 2301 1459 2362 vicissim
1477 2301 1542 2380 ipsc
1556 2300 1660 2361 docuit
1673 2300 1704 2360 io

133 2402 246 2464 donibus
258 2401 882 2479 etdoctrinissentire,doccrc,praedicare
933 2394 1049 2456 aomina
1069 2393 1286 2458 Verbieomdem
1302 2395 1516 2475 proprietatem
1532 2392 1700 2473 importari.

73 2497 76 2574 l
134 2503 309 2573 presumant,
328 2501 434 2556 contra
451 2493 571 2574 quasin
585 2493 642 2554 hac
661 2493 770 2554 Nostra
791 2491 884 2553 Gens
932 2504 999 2566 qma
1014 2486 1045 2547 iu
1054 2487 1268 2560 nornineFilii,
1286 2488 1404 2548 dicente
1421 2486 1572 2548 nimirum
1584 2485 1703 2564 Augus

73 2577 75 2662 l
133 2587 254 2649 titutione
265 2587 455 2661 (declaratur,
478 2586 522 2646 ita
546 2591 581 2646 ut
604 2585 793 2664 quicumque
815 2584 883 2646 illas
930 2577 1207 2655 ti110²‚eodicitur
1228 2576 1547 2660 lectumqqut'lim.

133 2678 286 2744 volcarum
309 2681 447 2760 aliquam
470 2678 659 2757 conjunctim
683 2677 732 2738 vel
761 2677 882 2738 divisim
972 2671 1077 2750 Neque
1111 2672 1234 2732 silentio
1258 2671 1474 2751 praetereunda
1521 2669 1651 2748 insignis
1671 2676 1703 2732 et

73 2777 74 2840 ξ
133 2771 450 2850 docueritdelenderit,
463 2771 603 2847 ediderit,
619 2775 673 2831 aut
687 2769 881 2831 decisetiam
929 2763 1047 2826 fraudis
1069 2764 1160 2844 plena
1178 2765 1289 2844 synodi
1298 2764 1466 2840 temeritas,
1486 2781 1556 2842 quaa
1579 2761 1702 2842 pridem

133 2862 292 2944 disputando
313 2865 437 2946 publice
456 2863 507 2926 vel
528 2863 673 2943 privatim
694 2863 879 2940 tractaverit,
931 2855 1137 2936 improbatam
1161 2857 1200 2918 ab
1227 2857 1402 2937 Apostolica
1429 2856 1507 2918 Sede
1531 2860 1702 2918 conventus

73 2945 75 3042 j
131 2956 179 3018 nisi
196 2957 315 3020 fortisan
332 2957 558 3037 impugnando,
577 2955 784 3016 ecclesiasticis
808 2974 879 3016 cen·
931 2949 1080 3012 Gallicani
1104 2951 1343 3012 declarationem
1369 2970 1421 3012 an.
1446 2950 1535 3028 laea,
1561 2966 1637 3010 ausa
1663 2949 1702 3009 sit

73 3043 75 3116 l
131 3049 195 3110 suris
214 3051 340 3131 aliisque
367 3057 475 3111 contra
497 3047 608 3109 similia
630 3052 841 3128 perpetrantes
860 3067 879 3110 a
930 3063 996 3105 non
1007 3043 1203 3123 amplissimis
1216 3044 1310 3105 modo
1323 3043 1467 3104 laudibus
1476 3059 1636 3112 exornare,
1648 3042 1701 3103 sed

128 3140 184 3220 jure
203 3145 317 3206 statutis
339 3143 448 3224 prauis,
473 3141 540 3222 ipso
563 3141 653 3216 lacto,
679 3141 794 3220 absque
819 3141 877 3202 alia
931 3137 1425 3216 quomajoremilliauctoritatem
1439 3135 1701 3206 conciliaret,cam

73 3225 77 3302 t
131 3232 312 3297 declaratione
324 3236 492 3315 subjaceat.
929 3230 963 3290 in
980 3231 1141 3290 Decretum
1155 3229 1190 3291 da
1210 3229 1284 3291 Falla
1297 3229 1480 3308 inscriptum
1497 3228 1642 3294 insidiose
1655 3228 1701 3290 in-

161 3327 311 3405 Caterum,
327 3346 384 3409 per
415 3327 496 3388 hanc
528 3342 704 3404 expressam
738 3325 878 3406 prelata·
930 3323 1053 3384 cludere
1079 3322 1224 3385 articulus
1250 3322 1285 3384 in
1312 3322 1365 3384 illa
1401 3326 1563 3384 contentos
1596 3319 1699 3398 palam

129 3435 186 3479 mm
208 3421 450 3500 propositionum
478 3425 508 3480 ct
534 3419 746 3479 doctrinarum
771 3437 878 3499 repro·
929 3416 1087 3496 adoptare,
1112 3422 1142 3476 et
1174 3433 1243 3494 quae
1271 3417 1401 3496 sparsim
1427 3432 1484 3494 per
1512 3414 1572 3474 boc
1597 3414 1700 3493 ipsum

128 3509 276 3590 bulionem,
290 3513 398 3574 aliain
417 3511 526 3574 eodem
546 3511 625 3571 libro
646 3515 790 3572 contenta
808 3511 878 3572 nul·
930 3510 1092 3572 Decretum
1117 3508 1231 3572 tradita
1253 3513 1326 3568 sunt
1355 3507 1469 3568 horum
1499 3504 1700 3570 articulomm

73 3582 75 3678 i
129 3600 230 3666 latenas
242 3606 412 3686 approbare
428 3603 638 3678 intendimus;
659 3621 730 3663 cum
749 3621 879 3681 praeser-
928 3600 1051 3681 publica
1061 3608 1092 3663 ct
1105 3601 1234 3662 solemni
1248 3600 1434 3681 professione
1449 3599 1624 3678 obsignare.
1633 3600 1699 3672 Quo

73 3695 76 3760 l
128 3695 174 3756 tim
186 3697 216 3757 in
228 3717 263 3758 eo
275 3699 449 3778 complures
465 3696 663 3776 deprehensae
679 3695 794 3756 luerint
809 3715 879 3775 pro·
928 3711 1001 3756 sane
1016 3713 1079 3754 non
1095 3695 1196 3754 solum
1216 3693 1339 3772 gravior
1353 3693 1444 3768 longe
1458 3709 1490 3752 se
1507 3690 1597 3752 nobis
1610 3691 1700 3755 offert

73 3785 76 3864 ἰ
128 3788 272 3865 positiones
290 3795 321 3852 et
344 3790 491 3850 doctrina
510 3787 573 3849 siva
598 3788 669 3862 illis,
693 3807 763 3867 quaa
786 3807 878 3869 supra
927 3786 966 3846 de
996 3787 1126 3867 synodo,
1153 3803 1248 3865 quam
1277 3783 1550 3865 predecessoribus
1581 3783 1699 3846 Nostris

73 3867 77 3946 i
128 3879 260 3943 damnatae
283 3888 366 3956 sunt,
378 3882 497 3956 affines,
525 3881 588 3942 sive
609 3899 679 3960 quae
703 3882 878 3942 communis
926 3878 1020 3942 fuerit
1034 3880 1072 3941 de
1093 3879 1224 3940 comitiis
1238 3878 1298 3942 illis
1312 3876 1525 3957 expostulandi
1541 3875 1630 3948 ratio,
1645 3875 1699 3938 aed

127 3989 155 4032 ac
164 3974 288 4054 probatae
302 3994 374 4036 cum
388 3975 534 4036 doctrinae
553 3978 584 4035 et
597 3972 764 4052 disciplinae
778 3979 875 4035 teme·
926 3977 957 4034 at
965 3973 1089 4052 ipsimet
1098 3972 1261 4036 Gallicanas
1272 3971 1414 4032 Ecclesia
1424 3987 1488 4032 non
1497 3968 1573 4030 levis
1585 3967 1699 4046 injuria

126 4065 225 4127 radam
242 4073 464 4147 contemptum,
480 4072 549 4127 tum
571 4066 707 4128 maxime
720 4065 876 4127 infensum
926 4065 1092 4144 irrogatur,
1104 4082 1199 4144 quam
1212 4065 1338 4143 dignam
1353 4062 1491 4142 synodus
1503 4060 1696 4122 existimave-

126 4155 307 4221 ichmanos
321 4159 480 4241 pontifices
494 4165 525 4220 et
544 4157 749 4239 Apostolicam
764 4159 874 4220 Sedem
925 4159 976 4232 rit,
993 4159 1081 4236 cujus
1095 4157 1259 4218 auctoritas
1268 4157 1302 4217 in
1316 4154 1523 4236 patrocinium
1534 4157 1698 4216 vocaretur

73 4245 78 4350 l
125 4250 247 4313 animum
260 4271 324 4333 prae
339 4252 492 4313 sclcrrmt.
925 4269 1084 4328 errorum,
1115 4249 1228 4329 quibus
1262 4249 1339 4309 illud
1372 4253 1418 4308 ast
1451 4246 1696 4310 contaminatum

73 4351 76 4430 l
157 4343 215 4405 Duo
249 4363 322 4406 vero
343 4345 499 4424 speciatim
531 4342 667 4427 nomnda
700 4359 872 4422 censemus,
923 4344 1097 4406 Decretum.

127 4451 181 4511 qua
212 4437 247 4498 de
287 4438 503 4516 augustissimo
541 4435 742 4496 sanctissima
772 4436 873 4496 'lrini-
966 4436 1174 4510 Quamobrem
1216 4452 1286 4514 quae
1328 4439 1396 4494 acta
1435 4437 1605 4494 conventus
1623 4431 1695 4493 Gal-

126 4526 182 4588 tatis
201 4531 359 4610 mysterio,
376 4530 430 4608 §t
453 4528 573 4590 Decreti
595 4527 629 4589 dc
654 4526 738 4604 Fide,
764 4528 789 4588 si
810 4547 873 4589 non
923 4528 1015 4591 licant
1030 4533 1148 4589 moxut
1162 4527 1354 4607 prodieramt,
1369 4524 1573 4606 praedecessor
1586 4525 1696 4586 Noster

73 4625 77 4686 l
126 4635 204 4694 pravo
212 4623 325 4696 animo,
335 4621 562 4702 imprudentius
571 4625 651 4681 certe
661 4620 781 4700 synodo
791 4621 872 4681 cxci·
924 4640 994 4682 vien.
1026 4619 1223 4681 Innocentius
1250 4619 1290 4678 Xl
1313 4636 1369 4698 por
1391 4618 1508 4678 litteras
1535 4617 1569 4676 in
1596 4615 1695 4678 forma

126 4707 228 4781 derunt,
239 4732 308 4793 quae
317 4713 402 4775 bacile
414 4711 683 4793 rudespraescrtim
694 4713 873 4774 etincautos
924 4714 1027 4774 Brevis
1045 4713 1105 4774 diei
1123 4729 1151 4772 xr
1163 4711 1268 4791 aprilis
1291 4711 1366 4770 anni
1387 4709 1611 4783 MDCLXXXII,
1627 4713 1696 4788 post

126 4798 291 4866 inlraudem
310 4805 469 4884 impellere
482 4805 616 4865 valeant.
629 4803 779 4878 Primum,
798 4805 873 4865 dum
922 4812 1027 4867 autem
1058 4804 1229 4884 expressius
1263 4801 1436 4862 Alexander
1470 4800 1539 4861 Vlll
1566 4800 1693 4861 Constit.

127 4899 301 4976 posteaquam
318 4898 378 4958 rite
395 4897 545 4978 praemisit
564 4898 663 4958 Derim
681 4896 714 4958 in
739 4915 795 4958 suo
809 4915 873 4958 csse
922 4897 1006 4959 Inter
1020 4895 1199 4978 multiplices
1212 4894 1275 4956 diei
1288 4893 1454 4974 rvaugusti
1467 4891 1691 4966 annileCXC,

126 4989 512 5069 aurtmetsimplicissimum
522 4989 873 5068 parmanere,continuo
921 5008 979 5069 pru
998 4989 1161 5069 Apostolici
1175 4987 1222 5048 sui
1239 4987 1379 5048 muneris
1396 4987 1517 5048 ratione
1536 4983 1693 5062 improba-

84 5138 88 5148 ,
127 5077 293 5161 snbjungens
314 5081 417 5162 ipsum
438 5084 536 5143 Deum
559 5083 593 5142 in
614 5081 714 5141 tribus
735 5083 874 5160 personis
922 5086 1007 5156 runt,
1023 5081 1226 5156 rescideramt,
1240 5078 1325 5140 nulla
1339 5084 1370 5138 et
1384 5078 1472 5138 irrita
1485 5076 1691 5147 declararunt,

127 5167 263 5252 distingui,
285 5192 447 5255 perperam
470 5173 596 5236 discedit
617 5193 636 5236 a
664 5175 822 5236 communi
844 5180 874 5235 et
922 5174 1021 5236 multo
1033 5173 1143 5234 fortius
1161 5173 1256 5252 exigit
1269 5189 1288 5232 a
1301 5169 1395 5231 Nobis
1409 5169 1569 5252 pastoralis
1583 5167 1692 5228 sollici-

127 5263 234 5338 probala
246 5265 615 5330 inchristianaedoctrinae
629 5266 874 5328 institutionibus
922 5267 998 5331 tudo
1021 5271 1177 5331 recentem
1199 5265 1311 5326 borum
1331 5262 1443 5326 factam
1462 5263 1495 5326 in
1515 5261 1633 5340 synodo
1647 5263 1695 5320 tot

128 5349 248 5434 braun,
273 5377 335 5438 qua
358 5359 438 5420 Deus
459 5377 542 5422 nnus
564 5359 692 5439 quidem
715 5359 750 5420 in
774 5359 874 5422 tribus
922 5360 1004 5420 vitiis
1014 5359 1155 5422 affectam
1169 5356 1378 5436 adoptionem,
1389 5351 1690 5422 veluttemerariam‚

129 5449 245 5520 prunis
259 5449 407 5512 distinctis
418 5451 539 5528 dicitur,
559 5470 623 5512 non
638 5452 670 5511 in
685 5451 785 5512 tribus
803 5470 873 5532 por·
922 5453 1131 5513 scandalorum
1145 5467 1181 5510 ec
1200 5448 1372 5528 praesertim
1390 5452 1459 5526 post
1478 5446 1560 5506 edita
1574 5443 1691 5525 prada·

160 5645 205 5698 ts
227 5649 304 5702 ’lton
321 5651 333 5702 l
352 5665 376 5717 p.
395 5665 416 5715 q,
432 5651 472 5714 et,
498 5653 582 5714 ortt,
608 5653 634 5705 ad
660 5653 684 5704 3.
706 5653 768 5704 —i
787 5655 845 5719 lua
862 5654 984 5712 dc'lrinit.
1000 5655 1016 5706 l.
1034 5655 1057 5716 t,
1073 5669 1095 5706 c.
1113 5651 1138 5707 2.
