3938 6338
335 383 395 444 aio
946 381 1059 441 Llllssli
1080 381 1315 442 PliOllliOlllUS

337 539 379 611 de
399 559 529 621 caussa,
552 557 654 628 quam
674 557 747 626 quae
766 537 807 606 ad
828 536 862 606 id
876 536 1088 606 lansenianae
1106 536 1262 609 factionis
1279 537 1545 608 sectatoresillos
1559 537 1704 627 impulit,
1723 537 1877 608 eamdemiu

336 658 482 732 lesuitas
498 679 631 730 movere
651 656 842 728 machinam
862 658 998 749 placuit,
1020 658 1199 730 Vincentio
1212 658 1370 742 Baronio,
1385 658 1494 730 Natali
1504 659 1707 741 Alexandro,
1720 659 1878 732 etlistorico

339 781 586 855 Probabilismi.
608 783 671 868 Qui
688 781 825 873 quidem
840 801 945 874 quum
972 781 1070 872 plura
1098 783 1132 851 in
1152 780 1238 852 hanc
1258 780 1334 852 lacti
1350 782 1569 873 quaestionem
1588 781 1784 872 scripserint,
1802 790 1832 851 ut
1851 801 1880 850 ue

339 925 458 978 eorum
473 905 774 977 declamationibus
795 907 950 976 incautus
965 905 1133 996 quispiam
1153 906 1187 975 in
1204 925 1355 977 errorem
1367 905 1566 988 abducatur,
1589 913 1703 976 notata
1720 905 1757 975 ab
1773 903 1816 975 his
1830 905 1883 975 loca

339 1030 538 1119 opportunis
558 1029 909 1100 animadversionibus
927 1027 1182 1110 illustrabimus,
1205 1048 1244 1098 ac
1270 1028 1500 1100 defendemus.
1527 1029 1613 1100 'lum
1632 1028 1667 1098 iu
1682 1027 1818 1099 eamdem
1832 1047 1884 1096 reu

341 1153 532 1242 Scriptores
558 1152 755 1244 qarosdama
772 1152 805 1222 P.
822 1151 864 1223 de
879 1151 1025 1243 Champs
1035 1152 1290 1242 praetermissos,
1314 1171 1440 1244 cosque
1454 1152 1686 1243 utplurimum
1700 1172 1779 1221 anno
1803 1149 1883 1231 itii,

339 1294 406 1366 quo
426 1275 559 1346 libellus
570 1277 714 1367 primam
725 1275 835 1347 lucem
850 1276 991 1366 aspexit,
1006 1275 1213 1346 recentiores
1227 1275 1297 1347 suis
1308 1274 1390 1347 locis
1405 1275 1580 1348 addemus.
1592 1274 1660 1348 Sed
1671 1273 1736 1345 hue
1748 1273 1886 1344 hactenus.

643 1974 1009 2122 INDEX
1097 1972 1624 2123 CAPITUM

338 2359 448 2418 Cll'lll'
486 2358 506 2412 l.
529 2359 702 2428 Quaestiouis
715 2363 814 2414 statice
828 2356 1009 2430 explicetur.
1165 2356 1276 2415 CAPUT
1292 2358 1336 2415 l'l.
1358 2360 1432 2414 Puri
1460 2372 1597 2414 cmismtsu
1614 2353 1775 2411 doctissimi
1798 2368 1831 2408 ec
1850 2349 1900 2405 uitis

339 2442 449 2502 citur
473 2441 508 2497 ll.
530 2440 669 2514 Quadam
681 2439 866 2496 obsera-ouda
878 2445 959 2496 circo
967 2445 1112 2504 auctores,
1391 2441 1545 2512 Itetiptosis
1588 2437 1751 2495 Ordinibus
1796 2433 1901 2502 Tbeolool

569 2541 694 2598 quorum
710 2527 877 2580 testimonio
890 2524 1025 2596 deinceps
1038 2527 1114 2580 reci·
1393 2523 1510 2580 easdem
1517 2525 1635 2578 omniuo
1646 2523 1792 2595 opiniones
1794 2522 1900 2599 tuentur·

570 2609 727 2664 tubuutur.
1163 2605 1275 2664 CAPUT
1295 2600 1903 2665 llll.Plurimieuomuibusorbiscbristimi

338 2692 447 2750 CAPUT
459 2692 505 2748 lll.
526 2693 693 2748 Sententius
705 2691 777 2747 illus
791 2697 911 2748 tuentur
924 2693 1065 2764 Episcopi
1075 2707 1114 2748 eu
1393 2692 1564 2747 nationibus
1600 2689 1763 2745 clarissimi
1795 2689 1904 2740 uectore

572 2775 736 2839 Veteribus,
757 2773 898 2846 plurimi,
917 2790 955 2830 ee
975 2777 1111 2830 recentio·
1393 2773 1510 2832 eosdem
1523 2777 1685 2830 sententias
1704 2775 1807 2828 teneat.

569 2857 651 2914 ribus
679 2873 776 2912 orienes
796 2856 900 2929 plusne,
928 2860 980 2929 qui
1007 2857 1114 2914 obbiuo
1163 2856 1273 2915 CAPUT
1286 2857 1579 2923 Vlll.Gouciuditur,
1636 2857 1798 2912 sententias
1836 2849 1903 2914 iilos,

570 2943 1113 2996 anuesceutumcontrorersiomistcm
1394 2944 1530 3014 quamuis
1544 2957 1565 2996 a
1585 2939 1762 2996 doctissimis
1778 2936 1906 3009 patiami

570 3027 601 3080 lu
646 3022 821 3094 Tbeoiopicte
858 3023 1113 3080 lucubrationibus
1390 3027 1544 3081 Societutts
1567 3027 1635 3080 iesu
1661 3016 1906 3094 semiepiscopi

570 3111 633 3164 suis
647 3105 949 3179 attipissedicuutur.
1393 3106 1521 3180 dautur,
1550 3123 1609 3162 uon
1636 3122 1696 3162 esse
1721 3113 1817 3163 tumen
1832 3113 1907 3159 comi

343 3190 453 3250 CAPUT
469 3191 515 3249 lv.
536 3195 668 3248 Priorem
677 3193 853 3246 senteutiam
861 3197 968 3248 celeres
980 3190 1114 3263 Tbeoiopi
1390 3194 1537 3264 proprias
1546 3207 1556 3244 :
1570 3193 1630 3246 imo
1641 3192 1849 3246 Societatiiesu
1857 3199 1908 3257 prr

571 3277 751 3330 Purisienses
776 3272 897 3330 solenni
918 3272 1032 3331 decreto
1056 3289 1113 3346 ap·
1389 3274 1549 3347 pemodum
1602 3273 1760 3344 siupuiare
1813 3270 1908 3344 subm,

567 3358 699 3430 probaui
717 3373 727 3412 .·
742 3363 900 3428 utrarupue
924 3374 1021 3414 omues
1050 3373 1112 3412 om·
1393 3357 1511 3414 eosdem
1530 3361 1679 3430 opiniones
1694 3363 1758 3412 tunt
1772 3357 1909 3410 cummut-

571 3444 639 3496 nirw
663 3445 800 3496 Doctores
823 3441 983 3504 Serboniei,
998 3442 1049 3511 put
1061 3439 1114 3494 boc
1393 3441 1440 3498 dis
1455 3446 1631 3514 temperare,
1643 3447 1706 3498 tum
1718 3444 1809 3498 etiem
1816 3438 1909 3512 puicu

570 3524 673 3581 saecuto
688 3524 724 3581 de
741 3521 917 3596 Theudoricus
939 3525 1025 3580 rebus
1040 3538 1114 3580 com-
1393 3541 1579 3598 oppupuare.

574 3612 736 3665 menterios
749 3605 915 3678 ediderunt,
931 3623 968 3663 eu
978 3605 1113 3680 professo
1164 3605 1343 3665 APPlillDlll.
1357 3611 1398 3664 De
1415 3609 1534 3664 Dicebas
1561 3607 1685 3665 Ordinis
1712 3609 1816 3665 Seruii
1838 3603 1911 3662 Dottd

575 3695 762 3760 eearniuenu
782 3699 872 3765 utque
885 3689 1058 3765 defendunt.
1392 3694 1453 3748 uici
1470 3691 1628 3764 Tlieotopis,
1648 3709 1777 3764 quorum
1795 3690 1863 3747 oller
1874 3683 1912 3762 f·

342 3772 452 3833 CAPUT
480 3775 511 3832 V.
534 3779 696 3848 Utramque
725 3781 902 3834 sententiani
915 3781 1024 3831 eeteres
1041 3773 1114 3829 Tbo-
1395 3781 1451 3844 cet,
1465 3775 1546 3831 niter
1560 3774 1669 3832 bellum
1680 3767 1913 3832 inciditeommmi

573 3861 666 3916 mictu
691 3861 916 3933 quunepiurimi,
943 3861 1115 3915 recentiores
1395 3857 1546 3915 doctrinm.

573 3958 641 3999 cero
656 3940 721 4020 sere
747 3959 843 4000 ornnes
867 3939 1035 3998 incredibili
1051 3955 1116 3997 con-

576 4042 661 4082 sensu
672 4032 882 4100 propinquant.
