4200 6348
602 377 653 438 DE
672 377 778 438 LOCIS
799 375 966 438 nonnus
993 375 1236 440 THEOLOGIAE.
1675 381 1714 441 ’19

144 537 240 600 amoris
251 537 305 600 Dei
320 537 499 602 dominantis
515 541 549 602 in
571 541 655 603 corde
668 541 804 611 bmnini's,
818 560 897 622 posse

145 627 226 690 illum
238 630 335 692 merito
345 631 488 714 judicari
506 632 627 716 dipnum
651 639 704 716 qui
722 633 897 696 admittatur

141 720 178 782 ad
207 723 465 806 participationem
491 727 644 808 sanpainis
668 727 736 789 lesu
764 726 894 800 Cbristi,

138 832 201 896 qua
225 817 259 896 fit
282 817 313 878 in
339 820 540 896 sacramentis,
561 821 673 896 subdit,
697 820 897 901 supposititias

137 909 336 985 mnoern'ones,
360 929 428 992 quos
450 911 529 992 fiunt
547 931 605 993 per
626 913 818 988 attritionem,
846 931 897 974 nec

136 999 312 1079 efficacesesse
322 1002 423 1080 solere,
435 1021 485 1066 nec
493 1003 645 1066 durabiles
654 1026 666 1074 ;
676 1010 897 1084 consequenter

132 1099 270 1173 pastorem
283 1094 453 1156 animarum
475 1094 575 1158 debere
594 1099 725 1160 insistere
731 1098 822 1180 sipuis
839 1117 896 1160 rma

136 1186 287 1268 equivocis
305 1185 459 1249 charitatis
470 1187 655 1267 wricnann's,
671 1199 825 1274 antequam
840 1191 896 1254 acl-

136 1277 894 1366 mittatsuospaniteniesadsacromenta,quiaesigna,

138 1375 169 1430 ut
181 1372 288 1434 deiude
300 1373 395 1433 tradit
411 1372 438 1454 (ξ
447 1373 507 1454 18),
524 1375 633 1438 Pastor
639 1375 778 1438 deducere
784 1379 897 1459 poterit

138 1463 290 1525 cantabili
312 1465 465 1527 cessatione
487 1477 653 1550 apeccato,
680 1477 708 1530 et
727 1470 841 1550 feruore
866 1471 897 1532 in

140 1557 261 1638 operibns
275 1557 364 1626 bones,
384 1577 478 1638 quem
494 1560 621 1640 iusuper
640 1560 785 1642 feruorem
802 1564 898 1624 cbari-

141 1650 200 1710 tatis
213 1651 350 1730 perhibet
367 1649 421 1732 (ue
433 1651 544 1714 Poenit.
562 1654 581 1734 ᾗ
601 1657 648 1725 10)
674 1655 753 1716 uelut
767 1657 895 1738 disposi-

145 1741 245 1803 tionem
258 1761 329 1822 quae
343 1741 423 1804 debet
434 1743 601 1825 precedere
614 1745 837 1818 absolutionem·

178 1835 220 1896 Sic
233 1833 396 1912 intellecta,
405 1839 512 1897 utnon
521 1837 622 1898 solum
632 1840 775 1901 contritio
784 1841 897 1921 imper-

145 1926 219 2004 teeta,
232 1946 298 2008 quae
309 1927 426 2008 passim
436 1929 602 1992 attritmms
615 1933 894 2008 uominadouatur,

147 2021 224 2082 etiam
238 2039 305 2099 qum
316 2021 427 2099 juncta
439 2022 478 2084 sit
490 2041 562 2086 cum
575 2023 748 2103 dilectione,
764 2045 826 2105 qua
838 2027 895 2088 ho·

148 2129 190 2174 mo
201 2113 299 2194 incipit
312 2113 439 2194 diligere
450 2115 547 2178 Deum
561 2122 710 2197 tanquam
722 2120 824 2180 omnis
833 2120 898 2198 jus·

149 2205 209 2268 titire
218 2205 342 2282 Ionum,
351 2225 409 2268 uec
419 2207 512 2268 modo
523 2209 666 2270 contritio
676 2211 823 2273 charitate
837 2213 897 2276 lor·

149 2303 224 2376 mata,
242 2299 293 2360 sed
313 2303 345 2360 ct
361 2298 463 2362 Iervor
481 2301 637 2364 charitatis
654 2303 852 2382 dominantis,
866 2313 897 2368 at

92 2457 93 2464 ,
150 2389 190 2452 illa
204 2391 320 2470 quidem
339 2391 489 2454 diuturna
507 2395 720 2473 experimento
731 2415 786 2476 per
799 2398 897 2460 fervo

92 2467 95 2516 1
150 2500 202 2543 rem
218 2485 247 2544 In
268 2484 413 2563 operibus
434 2485 523 2547 bouis
538 2487 696 2566 probatus,
712 2491 897 2568 generaliter

94 2646 95 2651 γ
151 2582 174 2636 et
191 2577 316 2637 absolute
343 2577 529 2656 requiratur,
560 2585 595 2640 ut
614 2581 709 2642 homo
733 2583 770 2642 ad
795 2601 895 2646 suora-

94 2673 96 2749 ἶ
154 2674 255 2743 menia,
278 2675 308 2730 ct
333 2669 493 2748 speciatim
514 2672 698 2750 penitentes
718 2675 757 2734 ab
771 2675 894 2736 absolu-

96 2833 97 2839 ,
151 2759 224 2820 tionis
235 2761 419 2822 heneficium
431 2762 644 2840 admittantur,

152 2874 229 2946 Falsa,
241 2880 407 2956 taneraria,
423 2879 529 2960 quietis
548 2883 717 2944 animarum
738 2883 895 2965 munitula·

182 2971 243 3044 tiuo,
256 2979 326 3034 tata
342 2991 377 3034 ac
392 2971 526 3052 probatae
540 2974 571 3034 in
585 2975 720 3038 Ecclesia
731 2979 824 3058 praui
833 2998 897 3039 con-

96 3137 97 3145 ¹
184 3065 278 3142 traria,
310 3065 485 3128 sacramenti
515 3067 650 3146 efficacia
681 3069 836 3132 detrabens
869 3083 896 3132 et

93 3156 98 3175 ¹
183 3157 321 3220 m'onoso.

92 3230 96 3250 Ι
152 3178 893 3363 uobamtueatsotaeuutaueroenit.grano.)

88 3393 91 3409 '
446 3433 594 3496 xmvn.

181 3575 222 3652 l'l.
247 3574 389 3636 Doctrina
409 3573 539 3654 synodi,
566 3593 635 3653 quar
656 3575 694 3636 de
715 3579 896 3640 auctoritate

150 3667 303 3729 absolvendi
316 3671 442 3746 accepta
451 3684 506 3745 par
520 3667 746 3729 ordinationem
756 3672 897 3733 annurtiat

148 3769 198 3840 post
217 3759 421 3822 institutionem
448 3756 614 3818 dioecesium
634 3767 662 3820 et
686 3761 897 3841 parochiarum

148 3853 293 3914 mnuniens
302 3871 358 3914 csse
373 3849 685 3932 utquisquejudicium
699 3851 752 3914 boc
765 3863 897 3920 exerceat

147 3961 218 4024 super
230 3963 363 4027 personas
382 3942 443 4004 sibi
461 3941 591 4004 subditas
615 3944 675 4005 siue
697 3947 811 4010 ratione
836 3955 896 4008 ier-

149 4037 245 4112 ritorii,
269 4033 541 4120 siucjarequodom
555 4037 711 4117 personali,
735 4050 896 4120 propterea

147 4131 216 4208 quod
228 4129 451 4209 aliterconfusio
465 4127 650 4190 induceretur
658 4138 685 4191 et
696 4133 898 4211 perturbatio,·

178 4225 323 4296 Quatenus
345 4228 416 4302 post
436 4221 591 4284 institutas
610 4223 754 4286 dioeceses
766 4231 797 4287 et
810 4245 898 4305 paro-

147 4313 216 4374 chias
227 4316 363 4378 enuntiat
376 4316 593 4377 tantummodo
609 4321 776 4380 conueniens
790 4337 847 4380 esse
860 4318 899 4381 ad

146 4407 348 4484 pracacendarn
361 4405 572 4485 confusionem,
590 4415 621 4467 ut
631 4407 792 4470 absoluendi
799 4419 898 4491 potes-

148 4503 184 4555 tos
206 4508 371 4562 exerceatur
393 4519 482 4580 super
504 4498 647 4576 subditos;
678 4501 720 4562 sic
745 4501 898 4566 intellecta

148 4591 282 4670 tanquam
305 4593 343 4654 ad
364 4593 500 4654 nahdum
521 4611 613 4654 usum
633 4594 727 4674 huJus
740 4597 898 4675 potestatis

151 4697 205 4741 uon
217 4685 253 4744 sit
265 4687 428 4747 necessaria
441 4686 608 4760 ordinaria,
632 4687 681 4748 vel
700 4689 898 4770 subdelegatus

154 4769 369 4853 illajurisdictio,
385 4779 448 4840 siue
462 4780 748 4859 qua'Irideutinum
764 4782 898 4844 declarat

157 4863 260 4927 numus
278 4874 418 4932 momenti
439 4891 504 4934 esse
526 4872 752 4936 absolutionem
766 4893 784 4934 a
798 4893 897 4936 sacer-

60 4959 62 5006 ]
162 4951 377 5040 doteprohtam,

167 5053 253 5136 Falsa,
272 5071 419 5144 temerario,
434 5071 609 5150 perniciosa,
639 5069 811 5134 Tridentino
829 5093 896 5137 con-

307 5161 394 5222 traria
406 5169 429 5222 el
442 5163 593 5244 inpurmsa,
604 5182 734 5228 erronea.

430 5289 598 5371 tonsu.

439 5438 592 5506 XXXVIII.

216 5513 259 5576 tt.
278 5517 341 5586 Item
354 5523 489 5609 loculus,
504 5553 563 5614 qua
579 5541 741 5616 postquam
761 5534 900 5616 synodus

946 542 1167 621 professaestse
1178 560 1236 602 non
1242 541 1537 623 poaenonodmirari
1549 542 1712 604 illamadeo

946 633 1136 696 uenerabilem
1154 633 1339 716 disciplinam
1363 635 1560 716 antiquitatis,
1581 653 1658 715 quoe,
1680 640 1716 696 ut

945 727 997 794 ait.
1009 725 1049 788 ad
1054 726 1261 807 paenitentiam
1273 727 1383 788 nonita
1396 727 1495 808 facile,
1508 735 1537 788 el
1550 727 1628 806 sorte
1639 746 1716 790 nnn-

944 837 1031 898 quam
1046 837 1110 880 eum
1123 817 1307 897 adrnittebot,
1323 824 1376 901 qui
1393 829 1457 900 post
1467 821 1597 901 primum
1610 839 1714 902 pecca-

945 917 1007 970 tum
1021 912 1595 994 etprimamreconciliationemrelapsus
1604 919 1672 974 esset
1683 913 1715 973 ln

944 1001 1073 1082 culpam,
1089 1004 1259 1082 subjungit,
1275 1023 1331 1085 per
1349 1005 1481 1066 timorem
1494 1013 1646 1086 perpetua
1659 1025 1715 1066 es-

945 1094 1312 1158 clusionisacommunione
1322 1105 1433 1179 clpam,
1443 1098 1533 1158 etiam
1545 1099 1575 1158 in
1586 1099 1716 1161 articulo

945 1188 1056 1261 mortis,
1097 1207 1234 1268 mapnum
1256 1189 1375 1269 frenum
1400 1189 1467 1252 illis
1488 1191 1625 1272 injectum
1656 1192 1712 1264 iri,

944 1283 997 1360 qui
1006 1299 1114 1360 parum
1124 1279 1306 1342 considerant
1320 1282 1432 1343 molum
1442 1284 1567 1364 peccati,
1580 1292 1606 1344 et
1620 1289 1716 1346 minus

947 1370 1022 1432 illud
1038 1373 1161 1442 timent:
1214 1434 1218 1444 ,

948 1514 1110 1580 Contraria
1119 1537 1182 1578 con.
1200 1519 1238 1579 13
1254 1517 1379 1580 concilii
1392 1515 1511 1581 Nicani
1521 1518 1550 1598 I,
1565 1517 1716 1584 Decrelali

985 1609 1150 1670 innocentii
1169 1609 1189 1672 l
1207 1609 1247 1672 ad
1263 1612 1456 1692 Europerium
1476 1611 1584 1688 Tolos,
1608 1622 1671 1675 tum
1688 1624 1716 1676 ct

986 1701 1135 1764 Decretali
1151 1702 1301 1764 Caelestini
1314 1704 1333 1765 I
1351 1704 1390 1766 ad
1400 1705 1543 1786 episcopos
1563 1705 1713 1768 Viennens.

985 1801 1014 1855 et
1035 1793 1215 1856 Narbonens.
1227 1796 1407 1878 prouincia,
1427 1797 1558 1859 redolens
1574 1799 1714 1880 pravita-

985 1893 1052 1958 tem,
1069 1906 1158 1968 quom
1174 1887 1206 1948 in
1220 1906 1254 1950 ea
1266 1888 1419 1952 Decretoli
1439 1898 1552 1952 sanctas
1570 1890 1714 1971 Pontifex

985 1975 1133 2043 ecborret.

1025 2123 1070 2186 be
1081 2133 1263 2206 peccatorum
1284 2126 1445 2189 venialium
1463 2129 1636 2209 consessione

1188 2215 1240 2300 (be
1254 2220 1366 2282 Posuit.
1380 2221 1398 2299 ξ
1415 2219 1475 2301 lh.)

1268 2363 1392 2425 XXXIX

984 2501 1033 2560 39.
1062 2500 1230 2561 Declaratio
1248 2502 1361 2582 synodi
1387 2504 1638 2584 deprecatorum
1662 2527 1714 2568 ve-

945 2591 1073 2652 nialium
1095 2593 1284 2654 confessione
1304 2614 1398 2674 quam
1413 2604 1518 2676 aptare
1537 2617 1568 2658 se
1590 2599 1635 2658 ait
1652 2617 1716 2661 non

945 2689 1106 2764 tantopere
1121 2685 1320 2764 frequentari,
1345 2707 1384 2748 ne
1400 2689 1534 2750 nlmium
1556 2695 1714 2772 contemp-

945 2775 1047 2838 tibiles
1061 2777 1229 2838 reddantur
1242 2779 1420 2858 hujusmodi
1439 2781 1653 2859 confessiones,

949 2917 975 2979 T
972 2920 1128 2996 enunaria,
1145 2921 1322 3002 peruiciosa,
1356 2932 1524 2986 sanctorum
1546 2945 1580 2986 ac
1596 2926 1716 3006 piorum

980 3013 1078 3094 proci
1103 3031 1120 3074 a
1145 3014 1240 3074 sancti
1259 3035 1338 3076 conc.
1368 3015 1450 3076 Trid.
1482 3015 1616 3097 probata
1648 3036 1715 3078 con-

985 3106 1091 3168 traria.

1046 3258 1090 3320 llc
1104 3256 1306 3340 indulpentiis.
1324 3257 1377 3339 (De
1394 3260 1503 3324 Poenit.
1520 3260 1538 3338 §
1555 3259 1613 3340 16.)

1299 3427 1359 3488 XL.

986 3595 1035 3653 10.
1090 3593 1275 3673 Propositia,
1325 3613 1463 3655 asserens
1504 3595 1715 3676 indulpentiam

945 3683 1096 3747 secandum
1110 3704 1194 3747 suam
1215 3691 1374 3766 praecisam
1391 3688 1532 3749 notionem
1557 3689 1643 3750 aliud
1659 3710 1716 3750 nou

945 3797 1101 3858 essequam
1124 3779 1317 3840 remissionem
1336 3781 1435 3860 partis
1449 3781 1512 3861 ejus
1521 3782 1714 3862 peonitentia,

946 3889 1014 3952 qum
1024 3890 1079 3952 per
1092 3889 1213 3932 canones
1225 3879 1336 3933 statuta
1346 3881 1411 3934 erat
1417 3879 1552 3954 peccanti
1562 3895 1573 3942 ‚·

987 3965 1079 4038 Quasi
1087 3964 1280 4043 indulgentia
1299 3973 1411 4044 prester
1425 3968 1541 4027 nudam
1560 3969 1715 4030 remissio-

946 4057 1065 4116 sionem
1079 4075 1179 4136 poenae
1195 4057 1353 4118 canorriooe
1372 4077 1435 4120 nou
1457 4060 1549 4120 etiarn
1563 4062 1664 4122 scateat
1677 4063 1716 4122 ad

946 4149 1159 4210 remissionem
1184 4167 1284 4228 poenae
1313 4151 1490 4229 temporalis
1509 4171 1565 4232 pro
1585 4154 1716 4233 peccatis

946 4241 1117 4301 actualibus
1129 4240 1239 4302 debitas
1254 4243 1337 4321 apud
1353 4243 1490 4304 diuinam
1500 4245 1665 4322 justitiam,

946 4385 1048 4462 Falsa,
1076 4385 1245 4462 temeraria,
1274 4384 1391 4448 Christi
1415 4388 1527 4450 meritis
1556 4389 1714 4469 injuriosa,

1039 4477 1151 4540 dudum
1166 4478 1198 4538 in
1212 4486 1273 4540 art.
1290 4477 1623 4542 ttlLutberidamnata.

1291 4643 1371 4706 Ibid.

1292 4807 1367 4870 XLI.

987 4975 1206 5036 tl.ltemiuco
1214 4974 1298 5052 quod
1307 4973 1460 5050 subditur,
1468 4971 1649 5039 scholasticos
1657 4981 1718 5042 suis

945 5066 1156 5129 subtilitatibus
1166 5065 1284 5146 intlotos
1301 5066 1441 5128 inuasisse
1459 5067 1627 5130 tnesaurum
1641 5071 1718 5135 malo

947 5159 1128 5222 intellectum
1140 5159 1314 5220 meritorum
1331 5157 1444 5220 Cbristi
1454 5167 1481 5218 et
1497 5168 1672 5238 sanctorum,
1690 5173 1719 5225 et

947 5253 1038 5315 clarae
1063 5253 1176 5314 notioni
1202 5251 1393 5314 absolutionis
1419 5271 1438 5313 o
1462 5271 1547 5332 pana
1579 5255 1718 5316 canonica

948 5345 1130 5408 substituisse
1150 5343 1355 5423 consummet
1376 5341 1486 5422 salsam
1509 5343 1718 5424 applicationis

949 5439 1132 5514 muitarum,

989 5532 1080 5605 Quasi
1107 5529 1244 5593 thesauri
1265 5528 1416 5604 Ecclesiae,
1446 5527 1529 5590 unde
1554 5530 1636 5611 Papa
1664 5533 1718 5596 dat
