3964 6348
321 386 379 446 302
973 383 1084 444 LIBER
1109 381 1251 446 PRIMUS

237 543 291 605 idi
362 550 399 628 (l.
415 551 465 612 31.
482 550 540 628 Au,
557 554 585 610 ct
600 549 748 629 quomodo
764 550 981 628 possitoptuio
1000 552 1089 610 uruit·
1140 549 1264 626 quando
1276 549 1393 628 aliquid
1414 551 1495 614 circa
1508 553 1757 632 materiamjuris
1769 555 1883 620 definite

321 648 393 720 tere,
410 641 457 703 cel
468 643 619 721 acquirere
628 641 904 721 probabilitatem?
920 643 955 702 R.
1140 642 1285 704 cathedra
1298 643 1344 704 uti
1358 643 1490 704 Cardia
1505 645 1533 706 2.
1552 645 1625 706 crisi
1635 645 1664 706 d.
1676 649 1703 708 I.
1712 647 1770 708 istc
1780 648 1884 710 demon-

359 736 421 814 §l.
448 735 574 796 Certum
588 741 634 796 est
654 735 833 814 opinionem
847 751 934 812 posse
949 733 1036 794 reddi
1051 751 1089 796 ex
1140 739 1216 794 strat
1237 753 1274 796 ex
1297 737 1450 810 Consiliis
1469 739 1521 798 SS.
1545 739 1605 798 ΡΡ.
1629 743 1659 799 et
1677 740 1805 815 rationc3
1818 743 1885 802 iden

319 827 472 908 probabili
494 827 741 906 improbabilem,
757 826 807 888 vel
833 845 871 888 ex
894 824 1089 904 improbabili
1139 825 1292 894 fusissime
1311 829 1425 890 evincit
1444 829 1601 908 Eugenins
1626 832 1821 908 Lombardns
1842 835 1886 894 siu

320 920 523 1000 prohabilem,
550 921 575 987 si
599 938 684 983 uisne
699 920 871 982 innotescat
884 918 974 978 firma
987 918 1089 997 aliqua
1140 918 1228 979 Curd.
1241 919 1439 986 Sirondratus
1453 921 1485 984 iu
1500 921 1605 1002 Ilcpuli
1623 923 1789 986 Socerdotio
1801 924 1848 1004 lep.
1862 929 1885 988 3.

319 1014 399 1076 ratio
418 1018 534 1080 contre.
549 1013 598 1074 vei
612 1031 668 1092 pro
684 1012 749 1078 illa.
764 1030 834 1092 quse
848 1011 927 1072 ratio
941 1011 1090 1073 hactenus
1141 1009 1199 1087 §2
1215 1017 1243 1072 el
1257 1031 1335 1092 seqq.
1348 1015 1482 1077 maxime
1491 1013 1544 1076 illo
1557 1015 1667 1076 Mattb.
1676 1018 1727 1076 98.
1736 1015 1886 1094 Doceteptc.

319 1104 531 1182 ignorabatur,
548 1110 578 1165 et
592 1106 634 1166 sic
646 1123 726 1184 saepe
740 1105 854 1166 Iactum
878 1121 953 1172 esse.
974 1121 1010 1164 ac
1023 1103 1090 1164 fieri
1142 1104 1188 1174 Et,
1207 1103 1237 1164 E
1237 1124 1272 1184 po
1288 1104 1433 1166 uobiscum
1455 1125 1518 1168 sum
1535 1106 1677 1187 usquead
1692 1111 1889 1170 mmmmmrb

319 1199 409 1262 docet
422 1198 626 1278 experientia3
648 1215 723 1260 nam
749 1196 916 1274 aliquando
931 1193 1090 1274 probabile
1141 1197 1415 1270 immodestam
1441 1199 1569 1278 professi
1592 1205 1665 1260 sunt
1692 1203 1732 1260 58
1769 1203 1889 1282 Episcopi

319 1291 378 1352 init
402 1309 466 1352 esse
494 1290 612 1350 licitum
640 1289 753 1350 ducere
776 1288 906 1350 alteram
926 1287 1090 1366 coniugem
1141 1287 1245 1348 Gallice
1267 1289 1300 1350 in
1314 1289 1423 1350 litteris
1441 1291 1479 1352 ad
1500 1293 1605 1352 Innoc.
1622 1293 1658 1352 X.
1686 1293 1890 1371 quasrelemnt

319 1383 445 1447 dimissa
467 1382 618 1458 adultera,
643 1386 720 1442 teste
736 1383 847 1442 Sancto
869 1380 1043 1457 Augustino
1057 1379 1091 1442 de
1144 1381 1218 1440 Plut.
1243 1389 1326 1460 part.
1343 1385 1371 1442 3.
1402 1403 1482 1444 uum
1512 1385 1581 1444 tbi.
1606 1389 1637 1444 et
1660 1386 1753 1446 Arsd.
1780 1395 1889 1448 emtrou.

319 1474 414 1541 adult.
430 1484 514 1554 nupt.
529 1474 552 1535 I.
578 1477 605 1536 i.
633 1491 658 1536 c.
682 1475 730 1534 ut.
748 1472 859 1534 ubisit
876 1471 939 1534 :m
962 1472 994 1532 iu
1019 1472 1091 1553 ipsis
1141 1471 1228 1546 dccl,
1248 1471 1356 1536 Gallie.
1381 1475 1521 1554 Dicitque
1534 1477 1621 1554 Lngo
1640 1474 1676 1538 de
1688 1475 1749 1556 fide
1770 1477 1799 1538 d.
1812 1480 1846 1539 id
1865 1500 1888 1539 u.

318 1565 429 1630 diuinis
450 1567 598 1628 mareotide
619 1566 662 1628 ita
689 1565 842 1628 obscurum
857 1576 911 1638 est,
937 1551 1039 1627 ulrum
1064 1573 1091 1626 et
1142 1565 1211 1626 109.
1237 1566 1412 1645 oppositum
1436 1585 1500 1628 esse
1528 1587 1706 1643 erroneum,
1740 1570 1788 1631 vel
1812 1571 1891 1631 emori

321 1659 384 1732 isle,
401 1659 451 1720 cui
463 1658 577 1740 puidem
591 1658 653 1720 siue
674 1657 763 1720 dudio
781 1655 947 1718 adulterum
963 1655 1031 1718 licet
1044 1655 1090 1720 di·
1140 1658 1343 1736 proximum:
1368 1658 1494 1724 bialdcr.
1517 1680 1568 1741 qu.
1587 1664 1646 1740 qil.
1671 1659 1707 1722 de
1729 1660 1787 1742 fide
1806 1668 1890 1725 emi.

320 1753 447 1828 mittere,
477 1750 594 1818 adulter
621 1758 718 1812 temen
731 1748 887 1828 labentur,
911 1749 938 1808 si
963 1748 1090 1810 alterum
1142 1749 1245 1814 memb.
1258 1751 1287 1810 5.
1302 1751 1375 1812 dicit
1387 1753 1583 1830 pertinaciter
1591 1759 1762 1832 negantem
1774 1753 1833 1815 tom
1845 1756 1892 1815 bu

320 1843 451 1918 duxerit,
481 1851 525 1920 ut,
551 1851 695 1923 quantum
720 1841 865 1908 existimo,
888 1840 1094 1908 ueuiuliteribi
1141 1843 1272 1904 seticum
1288 1841 1408 1906 ¹.Tuue
1423 1851 1527 1906 autem
1541 1845 1656 1908 dicitnr
1672 1845 1812 1907 Pontifex
1824 1847 1892 1926 lomi

321 1937 441 2018 quisquc
454 1935 582 2016 ludetur
596 1936 650 1998 :id
664 1941 769 1999 tamen
779 1953 863 1997 uisne
877 1939 923 1994 est
936 1939 1019 1994 certo
1035 1934 1092 1996 im·
1141 1952 1180 1994 ex
1193 1935 1347 2009 cathedra,
1364 1937 1488 2015 quando
1500 1943 1570 2017 post
1583 1943 1741 1999 maturam
1763 1939 1893 2000 delibere-

321 2029 495 2110 probubile;
532 2033 682 2090 econtra
711 2045 750 2089 ex
779 2025 890 2088 Coucil.
922 2025 1092 2088 Tiberiani
1142 2027 1270 2106 tionem,
1287 2035 1317 2093 et
1337 2030 1635 2107 testiomonium,
1650 2031 1892 2112 circeremspec-
1968 2077 1969 2084 .

321 2121 498 2183 referuntur
511 2121 579 2186 haec
601 2119 707 2194 verba,
734 2118 759 2182 C
760 2138 810 2199 ep.
828 2115 913 2181 Illud
935 2118 1024 2182 etium
1040 2121 1089 2181 30.
1141 2124 1260 2188 tantem
1275 2122 1315 2186 ad
1328 2122 1433 2198 Iidem,
1450 2123 1500 2186 vei
1519 2141 1632 2200 mores,
1648 2129 1684 2184 ut
1697 2131 1791 2204 caput
1809 2125 1894 2186 Eccle-
1967 2111 1969 2192 i

321 2235 372 2296 pu.
387 2217 416 2276 3.
431 2212 515 2280 Illud
535 2212 636 2288 etium,
661 2230 712 2272 uec
733 2209 881 2276 Cuuouicu
904 2209 1093 2274 Institutione
1141 2211 1204 2288 siae,
1229 2213 1291 2274 edit
1311 2214 1470 2278 decretum
1494 2233 1550 2294 pro
1569 2216 1738 2279 universali
1768 2217 1892 2290 Ecclesia.
1968 2217 1969 2266 ἶ

321 2305 490 2388 definimus,
512 2325 562 2372 uec
587 2303 785 2371 interdictione
798 2303 901 2384 clepus
914 2303 1091 2382 retutemus,
1141 2305 1224 2381 quod
1239 2305 1278 2367 ab
1292 2305 1437 2372 omuibus
1451 2307 1593 2370 fidelibus
1614 2308 1683 2370 ndi
1704 2309 1894 2370 indubitanter
1968 2306 1970 2396 i

322 2399 373 2460 sed
394 2405 589 2479 promereor,
605 2395 1025 2477 puidiucrsedeeoseutiuut‚
1042 2394 1093 2457 Iroc
1141 2396 1272 2472 admitti,
1290 2404 1321 2462 et
1335 2399 1501 2472 observari,
1526 2399 1573 2464 nti
1597 2401 1806 2463 communiter
1818 2401 1895 2482 espi-
1968 2403 1970 2468 i

323 2491 382 2554 loco
395 2489 510 2572 aliquid
523 2507 782 2552 ceruiuuiiornmus
795 2489 822 2555 si
836 2487 901 2568 puis
921 2506 982 2552 suu
999 2487 1094 2567 spiri·
1141 2491 1459 2554 cantbuctorescum
1485 2493 1617 2554 Carden.
1648 2493 1680 2554 iu
1696 2496 1725 2554 I.
1742 2493 1849 2554 cruid.
1868 2495 1893 2554 9.
1968 2507 1970 2584 j

323 2583 415 2648 tuulis
429 2583 599 2650 commatris
611 2581 709 2663 fitium
729 2581 869 2661 fortuito,
884 2589 913 2642 et
925 2581 967 2642 itu
980 2581 1092 2644 contiu-
1142 2599 1203 2644 uu.
1222 2583 1291 2643 aee.
1308 2585 1416 2663 Itaque
1430 2585 1455 2644 si
1470 2585 1610 2646 Pontifex
1637 2586 1766 2648 damnet
1779 2587 1895 2666 aliquam
1968 2603 1970 2660 j

322 2685 403 2758 pente
417 2695 516 2738 rerum
532 2694 600 2737 crau
628 2673 795 2755 cmp'upium
820 2672 949 2746 duxerit,
980 2671 1094 2736 coasilio
1141 2675 1384 2754 propositionem
1398 2676 1481 2740 circu
1503 2677 1646 2742 materias
1660 2677 1745 2754 fidei,
1772 2679 1818 2740 vel
1841 2697 1894 2739 mo·
1969 2711 1971 2740 ;

324 2769 484 2836 subteriori
494 2776 607 2830 urrato
621 2767 733 2840 balcet,
748 2765 952 2846 etpueboueste
962 2764 1093 2846 lepitimo
1141 2785 1224 2842 rum,
1240 2768 1346 2846 quales
1359 2775 1442 2846 sunt,
1458 2788 1528 2848 qum
1537 2777 1823 2832 concernrmtoasus
1834 2789 1895 2832 mn·
1969 2787 1971 2828 t

324 2861 459 2942 coujupio
472 2879 592 2940 operum
606 2859 653 2922 det
661 2877 673 2935 ,·
692 2859 745 2922 irbi
760 2859 911 2934 innuitur,
931 2863 1003 2920 aute
1018 2877 1092 2938 pro·
1142 2859 1287 2936 amentia,
1297 2861 1492 2924 illaeomodo
1502 2864 1621 2924 censeri
1633 2863 1726 2924 debet
1739 2865 1895 2944 reprobata.
1969 2851 1971 2898 t

324 2954 425 3016 babile
439 2953 532 3016 luisse
546 2953 578 3014 id
592 2971 656 3014 non
673 2952 779 3026 licere3
795 2969 878 3014 neruo
892 2968 965 3012 sero
975 2957 1094 3012 certum
1142 2971 1204 3032 quo
1219 2971 1288 3014 eam
1297 2955 1425 3015 damnat
1434 2955 1588 3032 Pontifex;
1604 2961 1635 3016 et
1648 2957 1772 3018 videtur
1783 2957 1838 3018 hoo
1849 2956 1897 3016 sul·
1969 2949 1971 3028 ζ

326 3053 371 3112 cat
384 3047 416 3111 id
429 3047 529 3108 licere.
545 3045 624 3106 Vide
638 3045 719 3108 dictu
734 3065 763 3106 u.
779 3048 845 3106 itti.
1143 3045 1282 3108 linienter
1291 3047 1391 3122 colligi
1402 3067 1440 3108 ex
1450 3066 1539 3126 prop.
1550 3049 1601 3109 ne.
1613 3047 1652 3108 ab
1666 3048 1812 3110 Alesoad.
1826 3047 1895 3110 VIII.

242 3153 301 3212 0202
366 3141 427 3218 §2
441 3140 566 3202 Certum
580 3156 703 3217 quoque
729 3138 861 3210 ridetur,
878 3139 961 3218 qiiod
989 3136 1092 3200 Ponti·
1142 3135 1294 3213 domicum,
1324 3158 1393 3218 quse
1421 3139 1464 3200 sic
1489 3139 1606 3202 babet:
1627 3141 1755 3214 Fictilis,
1779 3151 1806 3200 et
1830 3141 1898 3200 toties
1969 3135 1972 3208 ξ

326 3231 387 3304 fex,
404 3232 497 3292 etiem
512 3231 578 3292 sine
592 3231 727 3293 Concilio
741 3231 780 3290 sit
793 3230 961 3292 mntnbilis
975 3230 1008 3293 in
1023 3247 1092 3292 ma·
1141 3229 1279 3292 conuulsa
1293 3239 1333 3292 cst
1345 3231 1465 3294 osscrtin
1478 3230 1512 3292 de
1524 3233 1683 3308 Pontificio
1689 3233 1813 3296 Romani
1821 3249 1897 3312 supro

329 3324 422 3400 tertis,
436 3343 500 3384 nou
513 3323 740 3388 tantumlidci.
764 3323 934 3384 sedetiam
955 3339 1091 3396 morum,
1145 3321 1310 3384 Concilium
1339 3323 1566 3386 OEcunreuicum
1581 3325 1766 3400 auctoritem,
1779 3333 1860 3405 utque
1875 3325 1897 3384 iu

364 3592 374 3645 t.
395 3589 491 3644 Romani
506 3587 613 3640 Presulis
631 3587 751 3642 lustrantia
772 3585 886 3654 colligitur
900 3601 925 3638 er
940 3586 1018 3640 natu.
1041 3598 1095 3648 xm,
1146 3583 1258 3652 (opposita
1272 3586 1396 3654 propositio
1410 3586 1439 3638 ab
1453 3585 1515 3640 bles.
1536 3587 1583 3640 llll
1594 3587 1722 3658 proscripa
1740 3587 1798 3656 luit),
1812 3587 1898 3643 undele

329 3667 376 3729 183
392 3667 458 3718 loen.
472 3676 527 3726 xxi,
544 3665 592 3724 15;
610 3665 665 3716 Luc.
690 3674 756 3714 xxii.
774 3663 814 3714 31.
840 3663 991 3714 Confirmandi
1006 3663 1029 3714 in
1053 3662 1097 3712 bdc
1144 3661 1187 3712 ilde
1200 3663 1313 3714 catholica
1326 3669 1360 3714 cst
1371 3661 1400 3712 ob
1413 3663 1539 3716 Hormisdu
1554 3662 1685 3719 formulare
1698 3664 1898 3719 aduobuscccnne·

329 3749 436 3810 potestas,
461 3740 562 3792 soliditas
582 3739 755 3792 fundamentalis
776 3738 798 3788 in
827 3738 895 3802 bona,
911 3753 995 3804 pascua
1023 3738 1097 3790 orium
1142 3737 1199 3788 nicis
1213 3739 1303 3803 synodis
1316 3738 1467 3805 subscriptum
1479 3739 1502 3789 in
1512 3739 1671 3791 communione
1679 3739 1708 3790 ab
1722 3739 1897 3808 ApostolicaScb
1971 3735 1972 3738 ’

328 3819 413 3879 ductio,
428 3818 484 3869 nibil
503 3817 564 3870 aliud
581 3821 634 3867 snut
646 3829 712 3880 piram
735 3813 891 3866 infallibilitate.
914 3815 1016 3880 Insuper,
1040 3828 1096 3879 pro·
1143 3814 1264 3880 praedicata
1277 3815 1397 3878 inlapsum
1411 3829 1464 3866 case
1483 3829 1512 3865 uc
1529 3829 1612 3866 serem
1625 3817 1768 3868 christianae
1787 3817 1897 3882 mbpmai

328 3893 447 3946 missiones
460 3894 489 3946 ad
507 3897 580 3944 totum
597 3889 717 3955 collegium
737 3887 891 3956 apostolorum
905 3889 997 3940 directe
1010 3889 1041 3939 ita
1053 3888 1098 3954 ipsi
1143 3891 1298 3941 soliditatem.
1314 3890 1378 3941 Unde
1393 3890 1473 3941 merito
1495 3890 1543 3941 idi
1563 3891 1664 3957 episcopi
1679 3905 1751 3958 nuper
1769 3893 1897 3944 Romamn·

328 3971 385 4024 date
399 3971 497 4030 tucrum.
506 3969 562 4025 utin
574 3967 607 4020 eis
618 3972 754 4032 partemnon
768 3966 884 4020 minimam
897 3964 1096 4024 ianuariarum.
1144 3966 1230 4034 picem
1252 3966 1294 4018 Pio
1316 3965 1355 4027 iil,
1381 3965 1432 4019 aliis
1454 3971 1533 4032 postea
1547 3966 1713 4032 plaudentibus,
1730 3967 1896 4022 succlamabat:

327 4045 374 4096 imo
389 4045 536 4112 precipuum.
555 4063 565 4092 a
582 4043 663 4106 Porro,
679 4043 697 4092 si
710 4041 821 4108 promissa
844 4041 892 4103 illa,
914 4040 1026 4096 erramina
1041 4054 1098 4108 pro·
1149 4041 1183 4092 Iu
1196 4057 1263 4094 suuoe
1275 4041 1393 4094 doctriua
1407 4041 1476 4092 uobis
1489 4043 1614 4106 mapister,
1634 4043 1670 4094 Tu
1683 4045 1785 4098 unitatis
1794 4047 1897 4104 aurea,

327 4120 402 4171 missis
423 4120 452 4170 ad
471 4119 544 4171 solum
569 4119 660 4170 Petrum
683 4117 775 4182 ejusque
795 4131 939 4170 succesores
961 4117 983 4166 ia
998 4117 1098 4168 Primam
1149 4117 1184 4167 Iu
1194 4117 1292 4182 populis
1302 4118 1385 4170 lumen
1399 4118 1541 4182 indeficiens
1555 4133 1570 4168 c
1583 4119 1666 4168 diuino
1682 4121 1802 4186 sapientie
1813 4132 1898 4186 prepa-

328 4193 491 4260 spectaotibus,
517 4209 562 4246 non
589 4193 666 4244 valent
679 4193 707 4242 ad
733 4192 930 4244 demonstrandam
954 4191 1097 4242 inscientiam
1144 4197 1233 4253 rutum,
1257 4193 1291 4244 Iu
1311 4197 1421 4258 petraea
1442 4197 1465 4244 et
1488 4195 1566 4260 ipsius
1589 4193 1707 4244 Ecclesia
1732 4195 1898 4260 summurn

329 4272 471 4337 episcopatos
485 4270 505 4321 si
527 4269 617 4334 qnando
635 4273 705 4334 portu
733 4266 799 4320 inieci
827 4267 963 4332 prevaleant
992 4268 1100 4318 advenas
1144 4275 1229 4322 centro
1251 4269 1314 4336 quod
1340 4269 1476 4333 interorum
1501 4273 1580 4334 pratu
1593 4283 1720 4336 nunquam
1742 4271 1897 4335 memleben.

328 4345 498 4396 tundamentum
525 4345 549 4396 in
576 4357 620 4410 qno
654 4343 781 4396 solidItatns
807 4343 857 4396 est‘l
886 4343 1008 4410 tiiartinet,
1037 4344 1097 4394 Iust.
1149 4346 1180 4398 I'e
1198 4347 1309 4414 loquente
1327 4345 1429 4397 Petrum
1442 4347 1572 4406 eudimusr
1599 4346 1898 4408 redamaremus

333 4423 414 4474 Ilicet.
432 4427 447 4474 t.
464 4432 504 4484 tu,
520 4435 543 4488 p.
559 4421 626 4484 ceu).
646 4419 706 4472 Unio
728 4434 780 4471 cnm
795 4420 896 4472 Romano
911 4418 1021 4470 Pontibus
1034 4417 1099 4484 eique
1145 4423 1359 4488 obtemperamus!
1374 4421 1402 4472 n
1415 4421 1466 4472 ideo
1486 4421 1571 4474 Suerea
1594 4420 1668 4474 aiebat
1690 4422 1719 4474 de
1733 4421 1777 4474 bac
1790 4421 1896 4474 eamn:

329 4501 447 4554 obediendi
458 4499 579 4552 necessitas
589 4503 623 4550 est
637 4499 665 4550 de
682 4499 781 4550 amentia
797 4497 914 4556 Ecclesia,
932 4498 1005 4564 ipsum
1025 4511 1100 4550 errare
1145 4498 1181 4550 Ito
1194 4499 1336 4550 doceutboc
1346 4501 1544 4564 temporeomaes
1559 4496 1678 4549 Catholici
1691 4497 1801 4550 doctores
1811 4495 1898 4550 deestis

332 4591 400 4644 posse
415 4577 473 4628 idem
487 4575 555 4640 igitur
569 4579 639 4626 estas
653 4573 778 4626 Ecclesiam
787 4573 822 4625 rei
832 4587 907 4625 errare
917 4574 1010 4639 possesi
1024 4588 1101 4624 erran·
1145 4589 1198 4625 rem
1214 4589 1267 4625 esse
1280 4575 1309 4624 de
1323 4573 1382 4624 Fide
1399 4576 1502 4624 certem.
1518 4571 1557 4637 (dc
1570 4570 1639 4631 rue,
1654 4572 1714 4640 disp.
1739 4585 1766 4636 s,
1785 4578 1838 4624 sect.
1853 4579 1896 4622 nn

330 4658 375 4704 tem
399 4652 532 4705 Pontificem
560 4651 715 4716 scqnatnrvel
732 4663 821 4703 cessare
836 4651 864 4700 ad
887 4655 975 4716 tempus
1000 4665 1066 4716 posse
1080 4649 1101 4700 si
1146 4664 1169 4700 n.
1187 4649 1256 4716 l.);c
1276 4650 1389 4700 Iomueiu
1404 4651 1454 4698 tem
1467 4651 1505 4698 cst
1520 4651 1634 4698 comtum
1651 4647 1772 4700 Ecclesia
1788 4657 1898 4701 mausus

329 4733 443 4781 euenum
470 4727 530 4778 band
554 4732 668 4792 sequatm.
691 4727 740 4787 Qua
761 4727 834 4776 tronto
848 4725 893 4776 dici
917 4731 993 4791 posset
1021 4725 1102 4776 tratres
1146 4729 1170 4776 et
1197 4726 1372 4777 celbolicoru'm
1389 4737 1490 4778 concers
1513 4723 1543 4774 de
1570 4724 1616 4774 tec
1631 4725 1733 4775 sedule
1761 4723 1898 4778 smnus

329 4807 420 4858 Petrum
438 4803 627 4858 cenllrmaturos‘.t
642 4817 695 4854 ores
704 4805 816 4867 pastorem
830 4801 956 4854 dictumst
971 4801 1103 4855 tundamen-
1147 4816 1202 4854 eam
1215 4803 1242 4854 ia
1256 4801 1357 4854 dubium
1369 4814 1484 4852 revocure
1498 4800 1567 4852 nullo
1581 4799 1653 4851 modo
1667 4800 1750 4852 liceat.
1769 4821 1779 4848 ι
1797 4801 1832 4868 (de
1842 4797 1896 4854 litt.

330 4887 375 4934 tum
392 4896 406 4932 a
431 4881 498 4932 domo
521 4878 682 4930 solidandum?
702 4877 763 4928 Nihil
786 4877 854 4942 igitur
872 4877 962 4940 mirum,
982 4877 1101 4931 molestam
1147 4878 1206 4946 disp.
1222 4891 1268 4940 xx.
1287 4882 1343 4932 sect.
1360 4888 1400 4943 tn,
1416 4891 1440 4928 n.
1456 4875 1577 4928 en-ru
1593 4875 1896 4934 benesonantibus·

330 4955 488 5021 particularem
515 4953 551 5006 cni
575 4952 680 5019 presidet
707 4951 776 5004 teneri
802 4967 848 5018 pra
871 4952 959 5003 ceteris
986 4952 1102 5003 veritatem
1148 4954 1237 5018 l.1‚c.
1256 4949 1896 5017 serti,nl.Eiiunnmcriaiii.)Iliantbentieilcclesis

329 5032 449 5083 delendere
464 5035 485 5081 ct
495 5029 514 5081 si
530 5043 580 5093 qua
601 5029 628 5080 de
643 5028 686 5079 tide
701 5027 798 5079 suborta
812 5028 896 5079 inerint
912 5027 1047 5093 questiones
1060 5042 1101 5080 sno
1147 5036 1220 5092 aetus,
1236 5029 1274 5082 hic
1294 5029 1412 5080 doctorum
1428 5027 1598 5078 innumerabilis
1617 5041 1726 5078 numeros
1739 5027 1815 5093 qnibns
1827 5022 1897 5076 euadit

328 5107 417 5158 deliniri
428 5105 509 5158 debere
520 5105 607 5170 jndicio
617 5103 697 5170 (donc.
707 5103 907 5168 Lugdbabbem,
922 5119 944 5170 p.
957 5104 981 5153 1.
998 5119 1020 5156 c.
1032 5101 1100 5169 966);
1147 5105 1267 5156 muitamm
1281 5102 1586 5167 theologicarnmraiionum
1599 5101 1653 5153 alibi
1662 5103 1808 5162 evolutamm,
1817 5098 1895 5164 metes

328 5183 400 5248 ipsam
416 5195 544 5234 errarenon
557 5195 633 5247 posse,
646 5179 966 5246 damnaueuisuprcposmo
977 5180 1103 5231 :Ecclesia
1147 5181 1293 5233 assertionem
1303 5181 1332 5232 de
1341 5179 1437 5231 Romani
1451 5177 1569 5230 Ponticis
1586 5175 1896 5230 infallibibitateeectiuim

331 5259 401 5315 bibis
427 5259 511 5312 Roma
533 5271 617 5308 cerere
644 5259 723 5324 potest
739 5270 753 5306 a
767 5255 831 5308 Sixto
845 5255 874 5308 iil
891 5255 1035 5309 Bullalieet
1053 5270 1100 5316 cu;
1147 5257 1233 5310 metunt
1246 5271 1274 5308 ac
1288 5253 1617 5320 caenomanensium.
1630 5249 1895 5330 exprississimeleiuitss

328 5333 401 5400 ipsum
417 5334 539 5386 doctorem
556 5345 605 5384 csse
620 5332 720 5384 omnium
734 5331 906 5384 christianorum
921 5331 988 5399 plena
1003 5331 1102 5396 gaudee·
1149 5333 1205 5384 nibil
1219 5332 1311 5384 cedias.
1328 5329 1432 5382 Officium
1450 5329 1601 5380 Immaculata
1620 5327 1779 5396 Conceptionis
1792 5321 1895 5406 narrent

329 5414 373 5460 tem
389 5413 498 5475 potestate
505 5408 629 5460 Ecclesiam
640 5407 790 5459 universalem
798 5407 889 5472 regendi
911 5411 934 5458 ct
944 5407 1060 5474 pascendi,
1079 5408 1100 5458 id
1148 5409 1283 5462 Ecclesiae
1298 5406 1340 5458 Pio
1355 5403 1394 5471 lii,
1422 5405 1456 5455 25
1470 5409 1528 5472 sept.
1545 5405 1611 5455 isos
1631 5419 1765 5457 eoncessum
1781 5401 1894 5454 deltonem

329 5491 372 5542 cst.
386 5483 480 5536 docendi
495 5483 531 5550 (G.
552 5483 652 5536 Herem.
678 5482 752 5534 labbe
761 5493 820 5533 xus.
841 5497 863 5534 c.
880 5480 955 5548 iiiiii
980 5483 1008 5534 de
1037 5483 1102 5546 cujns
1149 5481 1359 5548 Pontidciandicio
1373 5481 1588 5548 ioquilnrtancpem
1605 5479 1725 5548 Supnmo
1745 5485 1766 5532 ct
1780 5473 1892 5540 uputttt.

332 5557 490 5610 infallibilitate
500 5558 593 5610 asartio
608 5571 679 5623 nenne
689 5559 767 5622 sutilis
777 5561 813 5609 est
823 5572 896 5622 neque
905 5557 972 5610 toties
986 5557 1103 5610 conculsa
