3964 6348
326 349 383 410 3⁷0
976 349 1089 412 crasa
1110 347 1255 410 paruus

324 517 474 594 tanquam
487 532 597 574 verum
625 519 655 576 et
668 519 774 574 manet
787 514 973 575 incertitudo
986 514 1023 574 de
1035 513 1091 573 lal—
1142 512 1391 587 inintellectum,
1419 529 1483 574 non
1504 517 1551 572 est
1571 511 1764 589 dispoticum,
1785 510 1848 570 sive
1867 513 1897 570 in

325 605 411 667 sitate
425 606 520 682 illiba,
542 625 614 685 ergo
629 607 798 686 prudenter
811 607 961 667 assentior
976 605 1093 666 motivo
1142 603 1261 665 bonum
1279 604 1443 683 ipsiusmet
1463 602 1649 677 voluntatis,
1672 603 1724 664 sed
1741 607 1785 662 est
1805 602 1896 680 politi·

324 697 498 778 probabili:
520 699 611 760 sicuti
633 698 704 760 lieet
727 699 823 774 seiam
846 698 972 758 Petrum
1000 697 1034 756 in
1049 697 1093 757 lo·
1143 715 1225 772 cum,
1251 697 1341 756 idest
1354 696 1388 756 in
1408 696 1528 756 bonum
1550 696 1712 775 ipsiusmet
1728 693 1896 766 intellectus,

324 790 448 868 quando
463 789 575 870 saepius
589 791 690 852 dicere
704 808 824 864 verum,
842 808 936 868 quam
951 789 1090 862 Paulum,
1142 789 1229 868 atqui
1244 788 1414 850 intellectui
1427 786 1538 848 melius
1547 794 1593 848 est
1606 786 1745 848 assentiri
1760 785 1898 846 venami-

324 881 398 960 quia
411 887 515 944 tamen
535 882 659 956 Paulus,
681 883 753 944 licet
771 882 875 942 minus
890 900 982 960 saepe,
998 898 1093 960 quam
1142 879 1223 956 liori,
1246 881 1320 960 quia
1332 899 1389 960 per
1412 879 1471 941 hoc
1486 879 1688 959 presumitur
1707 879 1805 957 magis
1825 897 1899 940 aare·

324 971 442 1050 Petrus,
472 980 578 1035 ῖεεεθε
600 975 712 1056 saepius
739 975 813 1034 dicit
841 991 969 1050 verum,
999 990 1094 1052 quam
1143 971 1215 1033 dere
1232 973 1271 1034 ad
1294 974 1476 1046 veritatem
1505 990 1589 1050 ergo.
1609 973 1705 1050 Resp.
1733 971 1902 1032 Dominium

324 1064 446 1144 falsum,
457 1068 626 1148 prudenter
641 1067 767 1127 credere
781 1084 907 1144 possum
921 1065 1025 1126 Paulo.
1142 1065 1310 1126 voluntatis
1324 1065 1358 1125 iu
1372 1066 1447 1126 alias
1461 1065 1614 1144 potentias
1624 1068 1669 1125 θεῖ
1681 1063 1795 1142 partim
1810 1063 1901 1142 politi-

241 1143 300 1202 aa
364 1159 438 1220 rar.
467 1161 497 1222 a.
526 1160 558 1220 sa
590 1159 732 1220 voluntas
765 1158 928 1219 onorata·
954 1156 1095 1218 inundat
1142 1175 1226 1231 aum,
1252 1157 1366 1236 parram
1389 1157 1587 1237 uapoaaum,
1610 1156 1643 1217 u
1665 1161 1722 1230 aa,
1748 1154 1903 1234 panna

324 1251 507 1328 millionem,
523 1253 679 1332 possitque
692 1251 806 1312 habere
829 1251 878 1312 vel
893 1255 1029 1325 centum,
1045 1247 1094 1308 vel
1146 1248 1266 1310 bonum
1290 1251 1523 1328 potentiarum,
1543 1249 1658 1329 partim
1677 1248 1712 1308 in
1725 1247 1843 1308 bonum
1861 1265 1904 1307 ro

325 1345 420 1419 mille,
443 1345 656 1425 imprudenter
670 1345 755 1422 eligit
768 1349 893 1404 centum
918 1360 982 1422 praa
997 1339 1091 1408 mille,
1142 1341 1287 1418 luntatis,
1315 1344 1410 1404 etiam
1440 1359 1511 1404 cum
1541 1342 1657 1402 damno
1683 1341 1901 1420 potentiarum,

325 1456 398 1516 ergo
411 1455 484 1498 cum
497 1437 671 1502 intellectus
685 1437 850 1498 efficaciter
863 1433 1095 1494 intendatveri-
1143 1435 1256 1513 quibus
1276 1435 1324 1494 uti
1345 1440 1446 1515 potest
1468 1435 1562 1496 etiam
1589 1434 1623 1496 in
1637 1434 1778 1513 ipsarum
1801 1434 1904 1514 stipen-

324 1533 430 1608 tatem,
460 1529 558 1606 magis
587 1535 690 1590 atatem
725 1527 884 1608 probabile
909 1526 948 1586 sit
964 1524 1095 1585 sicinius
1143 1527 1241 1600 dium,
1258 1546 1289 1588 v.
1306 1543 1335 1604 g.
1352 1527 1453 1602 oculo,
1471 1527 1628 1606 imperans
1644 1526 1905 1588 vidercintansam
1976 1547 1978 1618 j

324 1640 409 1699 vero,
439 1639 533 1702 quam
556 1621 661 1682 minus
689 1619 859 1700 probabile,
881 1617 1095 1698 imprudenter
1143 1619 1343 1698 lucem,quia
1357 1619 1482 1680 laeditur
1499 1638 1506 1680 ι
1523 1619 1710 1694 idemest,si
1723 1618 1906 1679 intellectum
1977 1643 1978 1664 2

325 1714 411 1792 eligit
430 1715 535 1775 minus
557 1731 622 1793 praa
644 1713 743 1792 magis
761 1709 924 1792 probabili.
948 1712 1038 1790 Resp.
1062 1712 1092 1770 1.
1142 1713 1327 1774 determinet
1340 1713 1379 1772 ad
1392 1712 1546 1787 heresim,
1562 1711 1767 1789 adjudicium
1785 1716 1906 1772 temera·
1977 1703 1978 1712 ’

325 1807 394 1866 dist.
430 1811 486 1868 ant
520 1806 733 1886 imprudenter
760 1804 852 1882 eliget
878 1808 1003 1863 centum
1029 1819 1093 1881 prae
1142 1805 1225 1864 rium
1239 1810 1297 1866 etc.
1330 1824 1402 1884 ergo
1417 1809 1504 1866 muto
1519 1804 1618 1882 magis
1643 1805 1758 1883 poterit
1776 1804 1907 1866 dctarni
1977 1805 1978 1854 ἒ

325 1898 421 1973 mille,
436 1899 462 1958 si
475 1899 535 1967 hic,
552 1903 583 1962 et
596 1916 681 1961 nunc
700 1897 779 1958 desit
792 1895 982 1958 radoaabilis
1003 1912 1095 1954 causa
1143 1915 1219 1958 nare
1241 1897 1281 1958 ad
1289 1897 1481 1976 opinionem.
1501 1914 1572 1976 qua
1586 1901 1632 1957 est
1646 1895 1767 1956 bonum
1782 1897 1906 1957 intellec-
1977 1885 1978 1916 ³

325 1991 368 2052 sic
381 1990 630 2072 praeeligendis.
647 1990 672 2049 si
686 1988 858 2052 taliscausa
871 1987 962 2048 adsit.
978 2005 1009 2048 n.
1027 2003 1095 2064 pos
1143 1996 1204 2050 tus.
1977 1999 1978 2036 ἓ

325 2089 371 2144 εθῖ
385 2088 488 2143 autem
504 2101 569 2142 esse
589 2101 620 2143 v.
637 2101 669 2162 g.
685 2079 940 2142 nevideaturlric
954 2083 985 2138 εῖ
1010 2095 1094 2138 εεεθ
1186 2080 1260 2142 Iasi.
1293 2083 1322 2142 1.
1356 2080 1506 2142 Voluntas
1535 2097 1600 2140 non
1625 2085 1726 2158 potest
1747 2079 1858 2156 facere,
1880 2085 1909 2140 ut
1925 2081 1978 2146 ml

325 2174 417 2236 nimis
442 2174 563 2254 cupida,
600 2191 640 2236 ne
674 2173 759 2235 hunc
792 2172 975 2234 offerentem
1004 2169 1094 2250 plana
1143 2172 1317 2234 intellectus
1343 2191 1408 2234 non
1431 2172 1470 2234 sit
1483 2169 1622 2252 potentia
1646 2173 1833 2252 necessaria,
1847 2191 1908 2252 ergo
1976 2169 1978 2246 t

325 2272 483 2345 emungat,
499 2285 539 2326 ne
554 2264 691 2328 offendat
701 2285 762 2342 eus,
779 2264 923 2346 aquibus
937 2263 1037 2344 petit:
1060 2267 1096 2322 ut
1144 2283 1208 2325 non
1225 2269 1326 2344 potest
1345 2265 1456 2340 iacere,
1481 2271 1516 2325 ut
1538 2283 1603 2324 uon
1617 2265 1721 2342 potius
1735 2266 1910 2326 assenfiattu
1976 2251 1978 2314 l

325 2356 367 2416 sic
382 2355 541 2416 moderata
554 2355 741 2435 acquirendo
758 2371 879 2433 semper
892 2350 1093 2428 vitetodium,
1144 2357 1260 2418 motivo
1275 2357 1397 2434 majori,
1420 2375 1515 2435 quam
1530 2356 1656 2416 minori.
1674 2358 1769 2438 Resp.
1787 2375 1821 2417 n.
1836 2376 1907 2418 rans
1977 2381 1978 2384 ¹

325 2453 383 2509 etc.
400 2466 507 2509 causas
525 2453 630 2509 autem
651 2446 804 2527 ejusmodi
827 2444 1025 2506 rationabiles
1042 2443 1096 2504 de·
1145 2449 1187 2510 sio
1210 2450 1294 2512 enim
1311 2455 1357 2509 est
1370 2449 1508 2527 potentia
1520 2449 1703 2518 necessaria,
1721 2455 1758 2518 ut
1772 2449 1910 2511 voluntati
1977 2463 1978 2490 ἐ

325 2540 515 2602 terminandi
528 2540 721 2601 intellectum
742 2539 781 2600 ad
800 2538 905 2598 minus
926 2535 1094 2617 probabile,
1145 2541 1300 2620 subjaceat
1326 2541 1359 2602 in
1394 2559 1459 2600 non
1494 2539 1699 2614 evidentibus,
1736 2543 1786 2604 uti
1816 2560 1911 2604 omnes

326 2634 467 2695 dedimus
482 2653 513 2694 ε.
538 2633 606 2694 lta.
631 2633 721 2713 Resp.
741 2633 772 2692 1.
789 2633 865 2692 Dato
880 2635 944 2690 ant.
960 2647 993 2688 n.
1010 2646 1094 2688 cona.
1145 2633 1289 2696 latentur.
1976 2693 1978 2700 ,

327 2719 408 2786 nam
421 2724 521 2804 magis
537 2723 697 2804 probabile
714 2743 777 2784 non
798 2739 920 2802 semper
939 2725 985 2781 est
996 2720 1098 2798 reipsa
1186 2724 1259 2786 last.
1283 2726 1312 2783 1.
1335 2723 1488 2783 Voluntas
1506 2741 1572 2784 non
1588 2729 1690 2803 potest
1706 2725 1821 2802 facere,
1843 2733 1875 2788 ut
1890 2727 1911 2786 si
1928 2713 1978 2793 tit}

327 2819 458 2880 vicinius
484 2836 569 2892 vero,
591 2817 644 2878 sed
669 2823 792 2878 tantum
828 2814 921 2875 habet
946 2813 1098 2890 majorem
1147 2816 1209 2877 diro
1242 2815 1409 2895 inaequales
1438 2815 1506 2875 soni
1533 2817 1676 2886 edantur,
1706 2819 1834 2880 auditus
1857 2837 1911 2879 non
1977 2883 1978 2886 ,

328 2911 464 2972 colorem
480 2909 657 2985 vicinitatis,
681 2911 894 2988 reipsatamen
902 2905 980 2966 forte
993 2910 1038 2964 θεῖ
1049 2923 1098 2964 rc·
1147 2909 1246 2988 magis
1266 2908 1415 2989 percipiat
1437 2907 1599 2986 majorem,
1629 2927 1727 2987 quam
1755 2911 1910 2984 minorem,
1976 2943 1978 2992 ε

329 3003 455 3080 matius,
472 3020 489 3062 θ
509 3005 618 3062 eontra
636 3000 721 3062 mille
735 3005 808 3062 sunt
821 3016 953 3078 semper,
971 3003 1001 3057 et
1016 3001 1098 3058 certo
1146 3019 1220 3078 crgo
1234 3019 1302 3072 nec,
1317 3005 1353 3061 εῖ
1367 2999 1541 3060 intellectus
1550 3018 1615 3060 non
1623 3001 1723 3080 magis
1736 3003 1913 3064 assaub'attu
1977 2997 1978 3048 i

264 3129 266 3132 ν
329 3095 494 3156 viciniores
516 3093 661 3169 millioni,
687 3110 780 3173 quam
795 3097 932 3164 centiam,
949 3107 1098 3168 ergoma-
1148 3092 1359 3173 probabiliori,
1381 3109 1475 3170 quam
1498 3092 1602 3153 minus
1630 3083 1799 3171 probabili.
1830 3096 1865 3156 R.
1889 3099 1911 3156 1.

330 3187 495 3248 niiestaest
508 3185 679 3266 disparitas.
1150 3187 1231 3262 Ergo
1253 3184 1392 3244 similiter
1409 3183 1553 3246 voluntas
1571 3201 1636 3244 non
1660 3186 1777 3263 poterit
1796 3187 1915 3266 seipsam

248 3286 307 3347 113
371 3279 445 3340 last.
459 3279 577 3357 3.Ergo
586 3277 774 3360 poteritquis
783 3275 952 3357 prudenter
961 3273 1101 3336 assentiri
1149 3278 1313 3353 adducere,
1327 3282 1362 3338 ut
1375 3275 1495 3336 bonum
1509 3275 1613 3336 miuus
1628 3277 1791 3354 praeeligat
1804 3279 1914 3357 majori,

328 3371 395 3450 jam
408 3372 491 3448 buia,
504 3371 570 3449 jam
584 3370 628 3430 illi
642 3370 893 3444 conmodiatori0;
910 3374 941 3428 et
959 3365 1102 3446 quiahoc
1136 3370 1227 3436 ,item
1237 3387 1301 3430 nou
1309 3369 1421 3448 poterit
1434 3369 1544 3442 facere,
1560 3374 1596 3428 ut
1606 3368 1785 3432 intellectus
1805 3389 1916 3450 suspen·
1977 3383 1978 3388 ’

332 3484 397 3526 non
410 3469 555 3546 argueret
577 3464 720 3524 maximae
739 3459 943 3542 insipientias?
962 3461 1006 3520 lta
1025 3459 1100 3518 Eliz.
1153 3462 1207 3524 dat
1225 3461 1379 3539 judicium
1409 3461 1609 3540 probabilius,
1637 3463 1710 3540 quia
1737 3483 1807 3524 non
1831 3467 1917 3544 poten
1977 3529 1978 3542 ,

335 3558 366 3618 in
380 3577 450 3639 opp.
466 3577 496 3638 q.
523 3560 550 3619 1.
569 3557 660 3634 [ῖθερ.
681 3554 713 3615 Si
725 3553 867 3614 voluntas
890 3571 928 3613 ex
951 3551 1103 3631 prudente
1152 3553 1262 3622 iacere,
1289 3558 1325 3614 ut
1347 3553 1430 3614 araris
1452 3571 1518 3614 non
1536 3553 1637 3612 eliciat
1650 3555 1847 3617 auditionem
1859 3553 1917 3616 soni
1977 3543 1978 3546 ¹

333 3652 449 3710 motivo
464 3653 563 3711 mutet
582 3665 673 3708 suum
691 3646 868 3726 imperium,
891 3664 917 3705 c.
933 3662 996 3723 seq.
1022 3649 1052 3703 et
1068 3662 1100 3704 n.
1153 3649 1194 3706 lt.
1210 3649 1240 3708 1.
1257 3665 1290 3707 ε.
1311 3664 1434 3725 conseq.
1459 3645 1533 3724 quia
1550 3645 1726 3708 intellectus
1743 3647 1780 3710 in
1799 3647 1916 3728 opinati·
1976 3645 1978 3720 f

333 3743 367 3803 iu
381 3743 439 3804 hoc
459 3742 524 3802 foro
538 3741 635 3802 ullam
657 3737 881 3817 insipientiam,
908 3740 1025 3796 namet
1038 3736 1104 3814 ipsa
1152 3739 1211 3799 bus
1231 3738 1329 3818 magis
1351 3738 1488 3816 subjacet
1508 3737 1673 3814 voluntati,
1700 3759 1799 3819 quam
1824 3757 1917 3802 sensns
1976 3733 1978 3808 j

333 3835 476 3895 voluntas
487 3839 588 3914 potest
606 3851 662 3914 pro
684 3830 794 3890 habitu
805 3829 872 3908 jam
886 3846 991 3890 amare
1004 3826 1104 3906 majus
1154 3831 1286 3906 externi,
1299 3835 1333 3890 ut
1347 3847 1456 3890 omnes
1470 3829 1560 3890 fateri
1574 3829 1701 3892 debent.
1977 3813 1978 3840 ἶ

334 3926 464 3995 bonum,
488 3931 518 3986 et
536 3925 639 3986 statim
657 3931 735 4004 post,
755 3922 883 3983 minus:
905 3921 978 4000 quia
998 3926 1104 3980 tamen
1195 3922 1287 4002 otjic.
1311 3925 1338 3984 1.
1369 3922 1497 4001 Opinari
1522 3928 1568 3982 est
1599 3924 1754 4000 assentiri,
1790 3921 1917 3986 assentiri
1934 3909 1978 3996 ⁴⁹.

334 4019 479 4080 voluutas
493 4016 655 4078 difficulter
670 4020 770 4076 mutat
783 4019 898 4090 actum,
912 4013 951 4072 ad
966 4029 1059 4091 quem
1073 4030 1105 4072 se
1154 4020 1258 4076 autem
1273 4021 1318 4076 θεῖ
1334 4013 1472 4094 judicare
1495 4014 1598 4094 potius
1617 4033 1739 4090 verum,
1762 4035 1858 4096 quam
1871 4015 1917 4076 lal-
1976 3997 1978 4090 Ι

336 4111 500 4172 efficaciter
514 4108 648 4186 resolvit,
675 4113 706 4168 et
719 4106 892 4168 intellectus
906 4105 971 4184 ipsa
985 4104 1105 4164 firmius
1154 4125 1235 4182 sum,
1251 4107 1338 4185 atqui
1351 4106 1514 4167 advertens
1528 4105 1645 4186 aliquid
1659 4127 1725 4170 csse
1738 4109 1919 4188 minuspro·
1977 4109 1978 4132 ³

337 4203 474 4265 adlraeret
492 4201 548 4276 illi,
573 4199 656 4280 quod
677 4198 772 4260 semel
785 4198 948 4277 amplexus
968 4202 1024 4270 est,
1040 4214 1105 4256 non
1154 4198 1339 4276 babile,n0n
1352 4205 1454 4279 potest
1463 4198 1603 4278 judicare
1617 4217 1682 4261 esse
1689 4200 1797 4280 potius
1810 4216 1918 4274 rerum,

336 4293 379 4354 ita
399 4293 486 4354 facile
513 4293 567 4352 liet
589 4291 740 4370 ejusmodi
769 4291 899 4352 mutatio
926 4289 1046 4369 imperii
1073 4288 1106 4348 in
1155 4309 1250 4371 quam
1265 4289 1390 4366 ialsum,
1406 4309 1480 4370 ergo
1495 4309 1561 4351 non
1575 4297 1676 4369 potest
1689 4293 1815 4372 opinari
1829 4293 1920 4354 minus

337 4385 508 4460 voluntate,
521 4383 570 4444 vel
584 4383 737 4464 opinionis
749 4383 782 4442 in
795 4382 965 4442 intellectu.
1155 4382 1324 4464 probabile.
1346 4381 1437 4444 Proh.
1458 4383 1530 4445 iniat.
1554 4385 1732 4465 oppositum
1756 4391 1881 4466 apparet
1897 4384 1920 4442 ai

255 4486 315 4546 m
379 4477 453 4540 lust.
470 4479 500 4538 1.
528 4476 610 4539 Talis
633 4476 825 4550 assentietur,
848 4474 920 4554 quia
933 4473 1011 4547 vult,
1032 4493 1106 4552 ergo
1155 4494 1194 4536 ex
1207 4475 1323 4536 motivo
1346 4493 1409 4536 esse
1430 4475 1639 4548 verisimilius,
1659 4495 1735 4556 ergo
1754 4497 1820 4539 uon
1834 4481 1921 4558 potest
1977 4503 1978 4516 ÷

339 4589 403 4632 non
417 4588 454 4631 ex
468 4569 677 4646 rationc,ergo
692 4586 757 4627 non
769 4566 947 4647 prudenter,
959 4566 1002 4626 ita
1011 4567 1104 4626 Gonz.
1153 4567 1293 4648 judicare
1309 4567 1415 4628 minus
1437 4566 1596 4647 probabile
1612 4587 1678 4630 esse
1691 4569 1796 4648 potius
1811 4585 1918 4640 veum,
1977 4567 1978 4570 ’

338 4661 367 4723 d.
382 4679 414 4723 u.
429 4681 459 4721 ε.
477 4659 525 4722 ll.
546 4661 640 4739 Resp.
665 4662 690 4722 l.
715 4660 817 4722 Etiam
835 4659 1015 4733 assentiens,
1038 4677 1108 4736 pro
1156 4659 1383 4740 quamfalsum.
1403 4657 1490 4738 Cous.
1507 4678 1583 4720 nam
1597 4661 1622 4720 si
1636 4663 1816 4724 assentimis
1829 4663 1919 4724 minas

337 4753 492 4844 babiliori,
508 4752 682 4826 assentitur,
699 4751 772 4830 quia
786 4750 862 4825 vult,
879 4750 951 4830 quia
965 4749 1108 4810 voluntas
1157 4751 1321 4832 probabili,
1344 4752 1404 4812 hoc
1424 4752 1490 4832 ipso
1501 4752 1621 4830 judicas
1635 4753 1713 4814 illud
1728 4772 1796 4816 esse
1809 4771 1918 4828 verum,

338 4845 435 4908 libere
443 4845 575 4925 applicat
588 4843 779 4906 intellectum
790 4843 828 4904 ad
840 4843 925 4902 bunc
936 4859 1106 4916 assensum,
1158 4845 1232 4924 quia
1252 4845 1355 4905 omnis
1371 4862 1512 4904 assensus
1531 4851 1577 4906 est
1591 4845 1631 4906 ad
1643 4864 1769 4921 verum,
1789 4865 1861 4926 ergo
1871 4847 1920 4906 bos

339 4940 379 5002 ad
406 4957 501 5018 quem
535 4938 614 4998 ratio
650 4955 714 4996 non
751 4934 921 5004 necessitat,
957 4936 1052 5014 Resp.
1077 4936 1107 4994 1.
1158 4935 1353 5015 ipsojudicas
1363 4936 1639 4998 contradictorium
1648 4955 1715 5000 esse
1724 4938 1847 5014 falsum,
1860 4937 1920 5016 qnia

339 5031 521 5106 assentitur,
551 5029 623 5108 quia
649 5027 716 5088 vult
736 5028 788 5105 ita,
818 5033 853 5088 ut
867 5027 970 5106 sitpro
991 5026 1111 5087 ratione
1158 5027 1226 5099 scis,
1244 5031 1271 5088 si
1286 5028 1346 5088 hoc
1366 5029 1642 5090 contradictorium
1660 5031 1701 5090 sit
1720 5049 1841 5102 rerum,
1855 5029 1919 5090 alte-

340 5125 492 5200 roluntas,
511 5141 543 5182 ε.
560 5122 602 5182 ita
616 5120 806 5181 utvoluntas
821 5120 860 5180 sit
878 5117 1110 5200 applicativaad
1159 5137 1231 5180 urm
1256 5119 1368 5182 debere
1395 5139 1459 5182 esse
1480 5121 1613 5197 falsum;
1638 5122 1725 5202 atqui
1746 5117 1920 5202 imposibile

340 5233 500 5278 assensum
521 5219 647 5295 propter
668 5231 761 5294 mave
784 5211 938 5274 motivum
958 5211 997 5271 ab
1023 5210 1112 5271 intel·
1160 5218 1216 5287 est,
1230 5216 1265 5272 ut
1279 5211 1399 5290 judiees
1412 5212 1472 5273 hoc
1488 5232 1553 5276 essa
1571 5213 1696 5288 falsum,
1717 5233 1775 5294 pro
1788 5217 1919 5294 quoaotu

340 5310 422 5371 lectu
446 5306 651 5388 propositum,
681 5324 710 5368 c.
735 5310 799 5366 ant.
829 5309 860 5366 et
885 5323 918 5370 a.
945 5309 1111 5384 utramque
1160 5304 1300 5382 agnoscis
1313 5304 1429 5365 motiva
1444 5305 1680 5380 verisimiliora;
1694 5324 1779 5386 ergo.
1796 5305 1917 5385 Respa.
1976 5347 1978 5384 ,

342 5419 408 5482 seq.
1161 5395 1240 5460 min.
1261 5395 1298 5456 ad
1313 5395 1403 5476 prob.
1427 5415 1461 5458 n.
1477 5415 1562 5459 cons.
1578 5398 1722 5478 quamvis
1745 5398 1828 5460 enim
1840 5394 1918 5458 moti·

258 5502 318 5564 115
383 5492 479 5574 abja.
497 5496 527 5555 3.
544 5489 734 5565 Dominium‚
757 5487 840 5568 quod
856 5486 1001 5549 voluntas
1020 5486 1114 5548 habet
1163 5506 1238 5548 vum
1256 5493 1403 5568 appareat
1421 5507 1487 5550 esse
1504 5489 1702 5550 vensimilius
1722 5495 1824 5590 tamen
1835 5487 1918 5550 scitur
1977 5505 1978 5592 p
