3992 6344
642 448 758 512 LIBER
778 445 944 512 ruallus
973 447 1072 511 PARS
1093 453 1108 511 l
1610 447 1670 514 663

93 605 224 685 camop.
253 604 336 669 less.
368 615 398 669 ta
424 609 515 672 Auel.
546 611 579 672 V.
611 613 720 677 Votum.
749 635 776 679 c.
801 613 848 680 li.
900 613 1015 678 directe
1039 616 1178 692 irritare,
1198 626 1235 678 ut
1261 621 1397 697 patctex
1419 616 1558 678 Articulo
1584 633 1670 698 sape-

92 697 234 760 Similiter
259 705 368 762 votum
391 701 574 782 subparem,
601 713 635 768 ut
661 727 725 769 uon
754 709 852 790 possit
900 709 991 768 ro'ore.
1010 708 1123 789 Excipe
1143 715 1260 786 tamen,
1284 710 1343 770 nisi
1369 725 1425 770 suo
1436 709 1502 788 juri
1521 709 1670 788 cessisset,

89 790 250 869 dispensari
269 811 289 854 a
307 795 401 872 Papa,
425 802 470 866 est
483 796 688 877 dispensabile
709 803 748 862 ab
762 804 850 882 Epis·
899 806 930 862 et
956 802 1036 862 hano
1059 802 1228 862 cessionem
1255 802 1395 862 subditus
1415 807 1599 881 acceptasset
1615 809 1672 877 3ut

91 899 174 961 copo,
189 883 261 962 qula
287 901 307 946 a
335 887 415 966 Papa
440 888 551 950 nullibi
577 899 763 969 reservatur,
794 913 851 962 nec
897 911 928 954 u.
942 911 973 972 g.
990 894 1023 954 in
1037 900 1109 954 voto
1124 895 1269 954 castitatis
1282 899 1392 955 mutuo
1403 895 1505 956 mariti
1519 899 1550 954 et
1565 895 1671 956 uxoris

89 973 155 1036 ideo
167 975 233 1036 tolli
245 981 379 1056 potestas
393 981 543 1060 Episcopo
567 984 733 1062 ordinaria,
750 989 845 1050 Trull.
898 1003 1049 1048 consensu
1062 987 1153 1047 facto.
1171 987 1266 1048 Secus
1281 992 1384 1048 tamen
1397 993 1485 1058 osset,
1497 986 1523 1046 si
1536 986 1585 1048 vel
1606 988 1671 1049 sols

90 1065 198 1147 aliique
210 1085 283 1130 oum
297 1070 385 1132 Dian.
395 1089 429 1152 p.
443 1074 472 1134 7.
491 1078 515 1134 t.
530 1076 561 1136 9.
577 1075 616 1138 R.
628 1078 678 1139 59.
897 1095 988 1154 uxor,
1003 1078 1053 1139 vel
1067 1083 1197 1158 uterque
1209 1077 1600 1160 independenterabaltero
1613 1098 1668 1140 vo-

329 1197 555 1263 laurentus
576 1205 617 1266 11.
895 1177 997 1232 Vffl·

938 1264 959 1296 “
976 1263 1058 1324 VIII.
1074 1264 1154 1324 Vota
1166 1263 1313 1326 indirecte
1328 1269 1452 1324 tautum
1462 1262 1580 1324 irritata
1591 1265 1670 1326 revi-

188 1315 260 1394 Qm'i
274 1325 338 1378 v⁰I⁰
352 1317 495 1382 ludim&
505 1326 593 1402 ΡΜ
605 1323 739 1388 immi·
896 1355 1018 1417 viscunt
1040 1369 1071 1416 et
1093 1356 1243 1434 obligant,
1268 1357 1394 1436 quando
1419 1355 1507 1416 alteri
1522 1356 1669 1418 desinunt

21 1415 68 1478 ⁶03
126 1434 147 1466 ‘⁴
173 1435 268 1514 Resp.
285 1435 319 1496 Si
342 1436 446 1513 alicui,
471 1453 537 1498 non
556 1440 684 1518 quidem
705 1442 848 1504 voluntas
896 1445 1109 1528 praejrrdicarc.
1133 1449 1213 1510 Vide
1234 1450 1272 1510 dc
1293 1450 1468 1510 bisBonac.
1487 1448 1510 1508 l.
1526 1451 1556 1510 l.
1583 1469 1614 1532 q.
1636 1453 1664 1512 a.

88 1527 232 1600 voventis,
249 1527 301 1588 sed
321 1528 386 1588 voti
407 1530 538 1592 materia
550 1533 588 1592 sit
603 1532 802 1611 subjectans
813 1541 849 1598 ut
895 1558 927 1620 p.
944 1545 974 1600 7.
990 1541 1016 1620 ᾖ.
1034 1543 1065 1602 2.
1076 1559 1108 1601 c.
1121 1544 1170 1604 36.
1183 1541 1293 1620 Laym.
1307 1561 1333 1602 c.
1350 1543 1380 1602 8.

87 1618 119 1678 in
131 1618 209 1680 banc
218 1620 271 1699 jus
290 1620 411 1693 habeat,
425 1622 452 1680 is
464 1622 525 1684 tale
539 1631 649 1686 votum
663 1632 763 1706 potest
774 1627 847 1688 irri-
1304 1684 1313 1694 .

87 1715 148 1772 tare
159 1711 331 1774 irritatione
339 1713 499 1792 indirecte,
509 1715 569 1777 hoc
582 1723 639 1795 est,
653 1717 719 1797 ejus
729 1719 847 1798 obliga·
1183 1683 1377 1744 ADDENDA'
1484 1736 1486 1741 ’

86 1803 197 1865 fiunem
223 1806 423 1886 suspendere,
454 1807 487 1868 in
510 1815 663 1888 quantum
697 1829 753 1872 suo
777 1812 848 1891 jure
942 1812 1053 1889 Oaoest.
1077 1814 1146 1872 427.
1169 1810 1249 1887 Quid
1266 1815 1415 1892 praterea
1441 1808 1489 1870 dic
1508 1809 1665 1874 mondum
1690 1813 1750 1872 tot

84 1895 317 1974 praejduicatur:
337 1897 429 1978 idque
445 1900 564 1978 exlege
578 1904 845 1968 naturaedoeente.
895 1910 960 1967 stt?
975 1907 1069 1984 Resp.
1090 1905 1159 1964 Haec
1170 1923 1279 1984 pauca,
1295 1905 1325 1984 ἓ.
1343 1908 1372 1964 t.
1389 1903 1451 1988 llls.
1469 1911 1490 1963 t.
1504 1903 1534 1963 s.
1545 1923 1576 1965 n.
1597 1904 1663 1969 tar.

85 1989 161 2066 quod
180 2007 275 2051 nemo
295 1991 391 2068 possit
412 1991 502 2054 alteri
526 1993 707 2072 promittere
731 1997 848 2076 aliquid
897 1998 985 2076 docet
998 2001 1146 2058 nerttrum
1165 1997 1335 2076 Conjugem
1350 2014 1438 2076 posse
1452 1995 1573 2056 irritare
1585 1997 1665 2059 alte-

85 2080 114 2140 in
127 2081 342 2160 praejudicium
353 2084 450 2144 tertii.
468 2084 502 2144 S.
519 2085 630 2147 Thom.
644 2087 687 2149 in.
706 2091 736 2150 t.
752 2087 782 2150 d.
795 2092 846 2152 38.
896 2090 961 2150 rius
974 2095 1083 2150 votum
1097 2089 1135 2148 de
1149 2107 1214 2148 non
1227 2088 1361 2168 petendo
1380 2087 1483 2148 debito
1497 2089 1664 2168 conjugali,

86 2171 170 2236 Suar.
186 2175 272 2236 Less.
289 2179 348 2236 etc.
367 2173 448 2238 Unde
461 2175 596 2239 resolves.
896 2201 968 2244 oum
989 2187 1100 2245 neuter
1122 2181 1236 2242 habeat
1251 2181 1303 2259 jus
1326 2179 1486 2260 obligandi
1504 2181 1544 2240 ad
1556 2187 1664 2260 peten-

120 2267 140 2297 “
166 2267 189 2326 Ι.
217 2266 268 2328 Sic
294 2267 416 2329 irritare
445 2275 583 2350 possunt,
615 2275 728 2349 preater
752 2291 846 2354 supra
895 2275 983 2351 dum,
1010 2275 1061 2336 sed
1089 2279 1212 2335 tantum
1239 2275 1278 2334 ad
1310 2273 1514 2334 reddendam.
1540 2275 1666 2336 Fatetur

82 2359 262 2434 nominatos,
289 2365 389 2422 mater
416 2367 558 2440 respectu
581 2361 719 2422 liliorum
748 2367 845 2444 pube·
894 2373 1000 2428 tamen
1024 2367 1202 2447 oppositum
1215 2385 1280 2426 osse
1297 2364 1468 2446 probabile,
1485 2369 1516 2425 et
1528 2366 1561 2425 in
1574 2369 1665 2445 praxi

81 2467 166 2528 rum,
194 2452 346 2531 quamdiu
370 2461 497 2516 manent
520 2454 554 2514 in
578 2455 672 2516 domo
693 2462 843 2535 paterna,
893 2463 1029 2536 tentum,
1045 2459 1119 2538 quia
1143 2476 1225 2519 uaris
1248 2461 1349 2536 potest
1361 2455 1501 2534 obligare
1515 2456 1661 2528 alterum,

80 2560 133 2602 uec
158 2551 233 2605 suut
255 2539 457 2625 emancipati,
484 2546 559 2608 item
585 2537 683 2607 T'utor
707 2549 844 2628 puberis,
895 2569 934 2612 ne
949 2569 981 2612 se
1004 2551 1112 2611 reddat
1131 2549 1302 2610 inhabilem
1323 2548 1362 2608 ad
1385 2548 1567 2628 petendum,
1592 2551 1666 2630 quia

81 2652 173 2713 usque
187 2636 227 2698 ad
241 2653 360 2698 annum
374 2637 559 2716 vigesimum
572 2638 729 2717 quintum,
746 2642 778 2700 in
793 2642 843 2720 iis,
896 2644 979 2704 unde
1001 2648 1180 2704 nasceretur
1202 2660 1296 2722 grave
1322 2659 1401 2702 onus
1425 2646 1457 2702 et
1475 2641 1617 2703 molestia
1630 2645 1665 2704 in

81 2745 145 2804 qua
168 2745 280 2790 corum
304 2731 450 2809 potestati
470 2729 621 2806 officiunt,
643 2731 755 2811 Laym.
774 2733 794 2794 I.
812 2738 842 2796 t.
894 2735 1106 2808 Matrimonia,
1117 2753 1189 2796 cum
1202 2751 1282 2814 saepe
1292 2732 1415 2796 difficile
1425 2734 1474 2812 sit,
1490 2739 1521 2794 et
1529 2736 1664 2798 maximo

80 2827 100 2880 2·
115 2822 143 2880 l·
157 2840 183 2882 c·
199 2824 231 2882 7·
894 2829 983 2888 uxori
996 2828 1192 2902 verecundae,
1207 2827 1348 2887 debitum
1363 2831 1480 2906 petere.

118 2915 138 2946 “
154 2914 192 2974 ll.
217 2914 304 2976 Idem
325 2919 426 2994 potest
449 2931 530 2976 uxor
549 2920 691 2996 respectu
714 2917 843 2988 mariti;
933 2920 961 2998 ξ.
991 2925 1021 2982 2.
1053 2919 1176 2981 Domini
1203 2924 1330 2999 propter
1358 2918 1461 2979 solum
1488 2917 1662 2980 dominium
1688 2919 1747 2980 505

79 3023 107 3066 v.
133 3024 164 3085 g.
189 3006 217 3066 si
237 3005 263 3066 is
282 3007 402 3068 voverit
421 3006 596 3086 longiorem
620 3009 844 3087 peregrinatio·
894 3013 981 3088 utile,
1010 3012 1093 3092 quod
1121 3012 1240 3073 habeut
1266 3011 1300 3070 in
1314 3028 1417 3072 servos
1440 3017 1493 3070 aut
1515 3010 1661 3088 famulos,

80 3115 158 3173 nem,
182 3097 325 3160 habitare
352 3099 439 3174 alibi,
468 3098 581 3160 cubare
606 3100 745 3177 seorsim,
775 3119 844 3180 quse
893 3111 1024 3185 possunt
1037 3104 1137 3166 euissa
1152 3123 1206 3165 seu
1219 3103 1324 3184 potius
1341 3103 1597 3182 suspendusquee
1611 3105 1664 3164 ob-

80 3189 227 3270 derogent
244 3191 316 3252 vitae
338 3191 454 3268 sociali,
478 3197 510 3252 et
523 3192 592 3252 usui
606 3193 737 3267 domini,
761 3194 845 3272 quod
894 3197 1001 3277 sequio
1032 3216 1070 3259 ea
1083 3201 1207 3258 tantum
1225 3203 1309 3269 vota,
1334 3197 1428 3256 etiam
1451 3202 1523 3257 ante
1540 3201 1663 3277 tempus

79 3282 166 3344 babet
178 3284 214 3344 in
227 3301 341 3364 corpus
351 3284 466 3360 mariti,
482 3283 549 3346 Fill.
565 3285 648 3344 Less.
665 3283 687 3346 I.
703 3286 732 3345 ἓ.
750 3303 775 3345 c.
792 3287 841 3346 40.
894 3291 1021 3350 illorum
1035 3289 1250 3370 praejudicant,
1266 3289 1364 3349 lllsn.
1383 3289 1452 3349 128.

79 3377 242 3530 ³·,‘·,³⁸,·„,
412 3468 419 3481 .
632 3468 638 3481 .
1135 3415 1422 3478 nuaruuvu.

203 3513 211 3530 .
245 3473 309 3530 lam
328 3469 482 3528 Dominus
495 3474 527 3529 et
547 3469 684 3530 Domina
703 3475 846 3550 respectu
1119 3533 1125 3546 ,
1177 3534 1183 3546 ,
1374 3535 1379 3546 ,
1464 3535 1470 3546 ,

78 3559 285 3622 famulorum:
314 3564 350 3619 ut
373 3559 399 3620 si
423 3560 565 3621 voverint
586 3560 752 3639 jejunium,
782 3581 845 3642 quo
1065 3531 1193 3609 (Imm
1206 3539 1480 3596 ⁶⁰mmulall⁰⁰⁰l²·

78 3651 185 3714 fierent
211 3650 310 3732 inepti
339 3652 378 3712 ad
405 3651 551 3732 obsequia
575 3653 723 3728 Domini,
753 3655 844 3734 quale
935 3651 1268 3730 “Respdommutctio
1283 3653 1329 3710 est
1341 3648 1518 3710 substitutio
1536 3649 1663 3712 alterius
1687 3647 1747 3708 506

79 3750 183 3806 votum
197 3761 262 3806 non
276 3749 322 3806 est
332 3745 488 3818 castitatis,
507 3743 557 3804 vel
570 3743 673 3806 breuis
685 3746 842 3823 orationis,
893 3743 995 3822 operis
1007 3743 1130 3803 honesti
1151 3740 1218 3802 loco
1233 3740 1310 3818 ojus,
1326 3742 1408 3820 quod
1431 3747 1504 3802 voto
1526 3745 1661 3821 promis·-

79 3835 156 3898 Icss.
172 3855 204 3898 a.
220 3837 271 3898 86.
893 3853 963 3896 sum
975 3839 1051 3909 erat,
1061 3833 1118 3894 sub
1129 3833 1237 3894 eodem
1248 3832 1545 3912 obligationeilirca
1554 3853 1661 3913 quam,

116 3931 137 3962 “
153 3929 210 3991 IV.
234 3930 314 3989 Item
327 3944 393 3988 non
405 3931 528 3990 tantum
548 3923 690 3987 Pontiiex
702 3929 844 4003 respectu
892 3932 928 3987 ut
949 3927 1032 3988 licite
1059 3926 1124 4002 fiat,
1146 3926 1314 3986 traduntur
1326 3926 1377 3986 lrae
1399 3926 1526 4005 regulae.
1543 3926 1660 3990 Primo.

78 4021 217 4082 omnium
240 4019 404 4096 Fidelium,
433 4019 487 4080 sed
511 4017 605 4079 ctiam
629 4015 783 4096 Episcopi,
814 4023 845 4078 et
893 4020 941 4080 Aa
955 4019 1230 4088 commutationem
1252 4018 1316 4079 voti
1338 4018 1508 4097 requiritur
1528 4021 1662 4081 auctori-

77 4111 232 4193 Principes
240 4117 381 4192 respectu
395 4111 602 4184 subditorum,
611 4109 735 4189 quando
746 4115 844 4172 mate-
893 4115 940 4172 tas
951 4111 1162 4172 ecclesiastica.
1177 4114 1206 4170 l.
1224 4110 1355 4177 Quando
1366 4111 1568 4172 commutabo
1582 4111 1617 4171 fit
1626 4112 1660 4171 in

76 4205 121 4266 ria
134 4205 399 4286 illlsproejudicat.
421 4204 559 4282 Denique
583 4202 841 4283 Superioresres
893 4201 1663 4283 perdominusbonum,quodsinotabiliterminus

77 4294 845 4376 pectuNovitiorum,inhis,quaeimpediuntNovi·
893 4294 1663 4374 sit,diceturdispensatiortouandodubiumestde

77 4389 210 4466 tiorum,
225 4408 296 4469 qum
322 4386 840 4469 impediuntNovitiatusexeroitia.
893 4385 1665 4468 mquabtateboni.3.Quendolitinbonumaequale

23 4474 28 4483 '
77 4483 255 4543 Lessaum.
268 4483 318 4544 80.
893 4479 964 4542 licet
976 4480 1073 4559 aliqui
1096 4486 1171 4541 tunc
1191 4485 1312 4559 putent,
1338 4479 1478 4540 sufficere
1492 4481 1662 4542 auctorita-

117 4577 137 4610 “
155 4575 191 4635 V.
209 4575 278 4636 Non
286 4577 416 4653 possunt
426 4572 548 4632 irritare
564 4570 710 4632 indirecte
723 4570 843 4632 votade
891 4579 955 4634 tom
970 4573 1139 4653 propriam.
1151 4571 1458 4633 Haectameusufficit
1469 4573 1509 4632 ad
1523 4591 1664 4634 commu-

76 4683 109 4727 re
131 4667 209 4728 alias
230 4669 396 4746 praecepta,
419 4683 449 4724 v.
476 4681 506 4742 g.
534 4663 844 4742 consumuntque
891 4665 1043 4726 tationem
1061 4665 1094 4724 iu
1123 4664 1243 4741 melius,
1270 4665 1343 4745 quia
1360 4665 1394 4724 in
1417 4664 1538 4726 meliori
1558 4667 1662 4726 minus

76 4755 844 4839 nemimpraejudiosnt.ltemnequevotaImplenda
892 4759 1074 4819 continetur.
1091 4758 1175 4818 Voco
1188 4763 1293 4818 antem
1308 4757 1429 4832 melius,
1445 4757 1529 4836 quod
1547 4759 1662 4820 esttale

77 4855 162 4928 tunc,
178 4851 302 4930 quando
325 4848 456 4910 materia
469 4849 533 4910 voti
550 4867 615 4908 uon
638 4847 697 4908 erit
710 4847 844 4926 amplius
892 4850 926 4910 in
940 4851 1048 4910 ordine
1061 4849 1101 4910 ad
1114 4850 1281 4912 utiIItatem
1296 4849 1489 4929 spiritualem
1507 4851 1660 4928 voventis,

77 4943 212 5022 subjecta
225 4963 233 5018 ;
247 4961 280 5003 r.
295 4961 327 5020 g.
342 4947 414 5004 vota
423 4941 504 5002 serui
517 4939 685 5019 implenda,
700 4955 774 4999 cum
787 4941 846 5002 erit
893 4947 924 5004 et
935 4944 999 5003 Deo
1013 4941 1142 5020 gratius.

76 5034 165 5108 liber,
180 5041 211 5096 et
225 5034 383 5112 conjugis,
397 5051 468 5097 cum
482 5033 559 5094 alter
578 5032 638 5094 erit
650 5035 803 5092 mortuus.
935 5039 958 5066 ‘¹
982 5033 1129 5094 Secundo.
1159 5033 1207 5094 Ad
1230 5032 1506 5094 commutationem
1538 5034 1602 5094 voti
1627 5035 1661 5095 in

117 5130 139 5162 ‘⁶
156 5127 209 5188 Vl.
231 5128 336 5188 Potest
354 5126 425 5205 quis
452 5126 546 5186 ctiam
563 5123 712 5186 indirecte
724 5123 845 5186 irritare
894 5127 1013 5206 ecquale
1036 5126 1206 5204 requiritur
1228 5143 1329 5202 carisa,
1344 5125 1415 5186 licet
1437 5125 1551 5201 minor,
1566 5145 1662 5206 cluam

77 5223 149 5282 rota
162 5219 253 5297 longe
266 5217 430 5280 antefacta
444 5235 540 5296 quam
559 5215 617 5278 sibi
630 5215 759 5276 materia
772 5217 845 5280 sub-
893 5219 933 5280 ad
960 5217 1234 5298 dispensationem,
1257 5218 1331 5297 quia
1356 5217 1543 5296 dispensatio
1570 5217 1661 5297 plane

75 5310 245 5388 jioeretur3
266 5327 298 5372 v.
314 5327 362 5390 gr.
384 5308 497 5372 lectae
515 5307 654 5388 conjuge
667 5307 760 5386 longe
773 5314 845 5370 ante
892 5310 1003 5372 liberat
1017 5310 1055 5370 ab
1069 5310 1256 5390 obligatione
1267 5309 1332 5370 voti
1349 5329 1356 5370 :
1373 5310 1575 5370 commutatio
1587 5329 1662 5372 vero

80 5403 323 5466 Matrimonium.
894 5402 978 5464 aliud
991 5403 1148 5482 subrogat.
1166 5402 1255 5462 Unde
1271 5403 1295 5462 si
1312 5401 1366 5462 liat
1383 5401 1417 5462 in
1433 5400 1554 5478 melius,
1574 5403 1662 5464 nulla

120 5499 143 5528 “
172 5497 242 5555 Vll.
273 5496 375 5556 Potest
396 5493 467 5573 quis
485 5493 579 5555 etiam
606 5497 711 5553 votae
728 5510 771 5568 se,
795 5491 845 5553 vel
893 5513 984 5558 carisa
997 5494 1186 5574 requiritur:
1203 5493 1227 5554 si
1246 5495 1280 5554 in
1300 5494 1418 5573 aequale
1441 5511 1514 5555 cum
1527 5497 1661 5556 auctori·

81 5585 120 5646 ab
143 5593 333 5651 concessare
353 5604 496 5650 concessa
520 5593 552 5646 ct
575 5583 756 5646 confirmata
773 5629 781 5658 ‚
797 5585 845 5645 in·
894 5591 957 5648 tate
980 5585 1165 5666 Superioris,
1193 5585 1305 5647 sufficit
1322 5587 1421 5665 major
1438 5587 1471 5646 in
1492 5586 1568 5648 illud
1589 5605 1661 5666 pro-
