<?xml version="1.0" encoding="UTF-8"?>
<!DOCTYPE html PUBLIC "-//W3C//DTD XHTML 1.0 Transitional//EN"
    "http://www.w3.org/TR/xhtml1/DTD/xhtml1-transitional.dtd">
<html xmlns="http://www.w3.org/1999/xhtml" xml:lang="en" lang="en">
 <head>
  <title>
</title>
<meta http-equiv="Content-Type" content="text/html;charset=utf-8" />
  <meta name='ocr-system' content='tesseract 3.04.00' />
  <meta name='ocr-capabilities' content='ocr_page ocr_carea ocr_par ocr_line ocrx_word'/>
</head>
<body>
  <div class='ocr_page' id='page_1' title='image "./theologiamorali00busegoog_0365.png"; bbox 0 0 3964 6348; ppageno 0'>
   <div class='ocr_carea' id='block_1_1' title="bbox 675 449 1632 518">
    <p class='ocr_par' dir='ltr' id='par_1_1' title="bbox 675 449 1632 518">
     <span class='ocr_line' id='line_1_1' title="bbox 675 449 1632 518; baseline -0.01 0"><span class='ocrx_word' id='word_1_1' title='bbox 675 458 722 518; x_wconf 85' lang='lat' dir='ltr'>DE</span> <span class='ocrx_word' id='word_1_2' title='bbox 748 455 1013 518; x_wconf 78' lang='lat' dir='ltr'>CONSClENTlA.</span> <span class='ocrx_word' id='word_1_3' title='bbox 1576 449 1632 508; x_wconf 77' lang='lat'>357</span> 
     </span>
    </p>
   </div>
   <div class='ocr_carea' id='block_1_2' title="bbox 12 614 1717 5684">
    <p class='ocr_par' dir='ltr' id='par_1_2' title="bbox 75 614 1634 1070">
     <span class='ocr_line' id='line_1_2' title="bbox 81 614 1634 702; baseline -0.007 -19"><span class='ocrx_word' id='word_1_4' title='bbox 81 641 131 684; x_wconf 86' lang='lat' dir='ltr'>aon</span> <span class='ocrx_word' id='word_1_5' title='bbox 147 621 230 690; x_wconf 87' lang='lat' dir='ltr'>lacit,</span> <span class='ocrx_word' id='word_1_6' title='bbox 253 627 289 682; x_wconf 88' lang='lat' dir='ltr'>ut</span> <span class='ocrx_word' id='word_1_7' title='bbox 317 621 421 700; x_wconf 92' lang='lat' dir='ltr'>opinio</span> <span class='ocrx_word' id='word_1_8' title='bbox 466 627 625 683; x_wconf 80' lang='lat' dir='ltr'>censeatur</span> <span class='ocrx_word' id='word_1_9' title='bbox 651 621 818 683; x_wconf 75' lang='lat' dir='ltr'>conformis</span> <span class='ocrx_word' id='word_1_10' title='bbox 867 640 927 702; x_wconf 88' lang='lat' dir='ltr'>que</span> <span class='ocrx_word' id='word_1_11' title='bbox 942 620 1113 682; x_wconf 87' lang='lat' dir='ltr'>rationibus</span> <span class='ocrx_word' id='word_1_12' title='bbox 1127 619 1260 679; x_wconf 87' lang='lat' dir='ltr'>necdum</span> <span class='ocrx_word' id='word_1_13' title='bbox 1279 619 1425 696; x_wconf 76' lang='lat' dir='ltr'>appareat</span> <span class='ocrx_word' id='word_1_14' title='bbox 1442 614 1565 688; x_wconf 80' lang='lat' dir='ltr'>veritas,</span> <span class='ocrx_word' id='word_1_15' title='bbox 1581 615 1634 674; x_wconf 87' lang='lat' dir='ltr'>sed</span> 
     </span>
     <span class='ocr_line' id='line_1_3' title="bbox 79 705 1632 795; baseline -0.006 -20"><span class='ocrx_word' id='word_1_16' title='bbox 79 719 152 776; x_wconf 80' lang='lat' dir='ltr'>recta</span> <span class='ocrx_word' id='word_1_17' title='bbox 164 713 282 790; x_wconf 85' lang='lat' dir='ltr'>rationi,</span> <span class='ocrx_word' id='word_1_18' title='bbox 305 713 519 776; x_wconf 85' lang='lat' dir='ltr'>velvoluntate</span> <span class='ocrx_word' id='word_1_19' title='bbox 539 715 593 776; x_wconf 89' lang='lat' dir='ltr'>Dei</span> <span class='ocrx_word' id='word_1_20' title='bbox 606 733 708 795; x_wconf 88' lang='lat' dir='ltr'>neque</span> <span class='ocrx_word' id='word_1_21' title='bbox 722 717 815 776; x_wconf 85' lang='lat' dir='ltr'>etiam</span> <span class='ocrx_word' id='word_1_22' title='bbox 867 720 996 793; x_wconf 85' lang='lat' dir='ltr'>utraque</span> <span class='ocrx_word' id='word_1_23' title='bbox 1016 731 1086 793; x_wconf 88' lang='lat' dir='ltr'>pars</span> <span class='ocrx_word' id='word_1_24' title='bbox 1105 730 1161 790; x_wconf 91' lang='lat' dir='ltr'>pro</span> <span class='ocrx_word' id='word_1_25' title='bbox 1180 708 1338 772; x_wconf 85' lang='lat' dir='ltr'>schabest</span> <span class='ocrx_word' id='word_1_26' title='bbox 1359 725 1452 786; x_wconf 82' lang='lat' dir='ltr'>grove</span> <span class='ocrx_word' id='word_1_27' title='bbox 1469 705 1632 782; x_wconf 84' lang='lat' dir='ltr'>motivum,</span> 
     </span>
     <span class='ocr_line' id='line_1_4' title="bbox 78 800 1632 887; baseline -0.007 -19"><span class='ocrx_word' id='word_1_28' title='bbox 78 823 177 886; x_wconf 80' lang='lat' dir='ltr'>semper</span> <span class='ocrx_word' id='word_1_29' title='bbox 201 804 300 866; x_wconf 84' lang='lat' dir='ltr'><strong>reddit</strong></span> <span class='ocrx_word' id='word_1_30' title='bbox 328 805 531 886; x_wconf 90' lang='lat' dir='ltr'>probabilem,</span> <span class='ocrx_word' id='word_1_31' title='bbox 566 812 602 867; x_wconf 96' lang='lat' dir='ltr'>ut</span> <span class='ocrx_word' id='word_1_32' title='bbox 628 827 648 868; x_wconf 93' lang='lat' dir='ltr'>a</span> <span class='ocrx_word' id='word_1_33' title='bbox 679 826 710 868; x_wconf 86' lang='lat' dir='ltr'>a.</span> <span class='ocrx_word' id='word_1_34' title='bbox 746 809 813 869; x_wconf 74' lang='lat'><strong>136.</strong></span> <span class='ocrx_word' id='word_1_35' title='bbox 865 809 951 887; x_wconf 86' lang='lat' dir='ltr'>sequi</span> <span class='ocrx_word' id='word_1_36' title='bbox 965 813 1074 886; x_wconf 88' lang='lat' dir='ltr'>potest,</span> <span class='ocrx_word' id='word_1_37' title='bbox 1089 821 1185 884; x_wconf 90' lang='lat' dir='ltr'>quam</span> <span class='ocrx_word' id='word_1_38' title='bbox 1198 802 1289 876; x_wconf 87' lang='lat' dir='ltr'>volet,</span> <span class='ocrx_word' id='word_1_39' title='bbox 1306 818 1380 862; x_wconf 86' lang='lat' dir='ltr'>nam</span> <span class='ocrx_word' id='word_1_40' title='bbox 1395 800 1420 860; x_wconf 92' lang='lat' dir='ltr'>si</span> <span class='ocrx_word' id='word_1_41' title='bbox 1430 803 1522 868; x_wconf 88' lang='lat' dir='ltr'>erret,</span> <span class='ocrx_word' id='word_1_42' title='bbox 1537 815 1632 858; x_wconf 87' lang='lat' dir='ltr'>excu-</span> 
     </span>
     <span class='ocr_line' id='line_1_5' title="bbox 75 891 1634 977; baseline -0.005 -19"><span class='ocrx_word' id='word_1_43' title='bbox 75 903 207 958; x_wconf 84' lang='lat' dir='ltr'>ostensum</span> <span class='ocrx_word' id='word_1_44' title='bbox 226 902 281 975; x_wconf 87' lang='lat' dir='ltr'>est,</span> <span class='ocrx_word' id='word_1_45' title='bbox 308 898 362 958; x_wconf 89' lang='lat' dir='ltr'>sed</span> <span class='ocrx_word' id='word_1_46' title='bbox 386 898 445 958; x_wconf 88' lang='lat' dir='ltr'>hoc</span> <span class='ocrx_word' id='word_1_47' title='bbox 464 898 536 959; x_wconf 82' lang='lat' dir='ltr'>tacit</span> <span class='ocrx_word' id='word_1_48' title='bbox 562 904 674 960; x_wconf 86' lang='lat' dir='ltr'>natura</span> <span class='ocrx_word' id='word_1_49' title='bbox 694 899 815 977; x_wconf 87' lang='lat' dir='ltr'>objecti,</span> <span class='ocrx_word' id='word_1_50' title='bbox 866 905 910 960; x_wconf 92' lang='lat' dir='ltr'>sat</span> <span class='ocrx_word' id='word_1_51' title='bbox 924 917 996 960; x_wconf 80' lang='lat' dir='ltr'>erim</span> <span class='ocrx_word' id='word_1_52' title='bbox 1019 895 1203 958; x_wconf 86' lang='lat' dir='ltr'>invincibilis</span> <span class='ocrx_word' id='word_1_53' title='bbox 1222 893 1406 974; x_wconf 74' lang='lat' dir='ltr'>ignorantia,</span> <span class='ocrx_word' id='word_1_54' title='bbox 1427 891 1473 951; x_wconf 91' lang='lat' dir='ltr'>uti</span> <span class='ocrx_word' id='word_1_55' title='bbox 1489 907 1569 970; x_wconf 87' lang='lat' dir='ltr'>saepe</span> <span class='ocrx_word' id='word_1_56' title='bbox 1588 894 1634 950; x_wconf 85' lang='lat' dir='ltr'>est</span> 
     </span>
     <span class='ocr_line' id='line_1_6' title="bbox 75 989 993 1070; baseline 0.001 -21"><span class='ocrx_word' id='word_1_57' title='bbox 75 1007 152 1070; x_wconf 88' lang='lat' dir='ltr'>quam</span> <span class='ocrx_word' id='word_1_58' title='bbox 171 991 209 1050; x_wconf 91' lang='lat' dir='ltr'>sic</span> <span class='ocrx_word' id='word_1_59' title='bbox 228 1009 259 1051; x_wconf 90' lang='lat' dir='ltr'>se</span> <span class='ocrx_word' id='word_1_60' title='bbox 280 989 394 1052; x_wconf 87' lang='lat' dir='ltr'>habere</span> <span class='ocrx_word' id='word_1_61' title='bbox 420 991 528 1052; x_wconf 80' lang='lat' dir='ltr'>suadet</span> <span class='ocrx_word' id='word_1_62' title='bbox 550 991 639 1053; x_wconf 89' lang='lat' dir='ltr'>nobis</span> <span class='ocrx_word' id='word_1_63' title='bbox 666 992 819 1052; x_wconf 90' lang='lat' dir='ltr'>motivum</span> <span class='ocrx_word' id='word_1_64' title='bbox 866 993 993 1052; x_wconf 89' lang='lat' dir='ltr'>dictum.</span> 
     </span>
    </p>

    <p class='ocr_par' dir='ltr' id='par_1_3' title="bbox 69 1068 1717 1349">
     <span class='ocr_line' id='line_1_7' title="bbox 72 1068 1717 1163; baseline -0.004 -23"><span class='ocrx_word' id='word_1_65' title='bbox 72 1081 103 1140; x_wconf 93' lang='lat' dir='ltr'>ab</span> <span class='ocrx_word' id='word_1_66' title='bbox 131 1081 295 1156; x_wconf 87' lang='lat' dir='ltr'>intrinseco,</span> <span class='ocrx_word' id='word_1_67' title='bbox 335 1084 361 1143; x_wconf 90' lang='lat' dir='ltr'>si</span> <span class='ocrx_word' id='word_1_68' title='bbox 385 1084 521 1163; x_wconf 88' lang='lat' dir='ltr'>prudens</span> <span class='ocrx_word' id='word_1_69' title='bbox 541 1085 589 1158; x_wconf 87' lang='lat' dir='ltr'>sit,</span> <span class='ocrx_word' id='word_1_70' title='bbox 624 1083 696 1144; x_wconf 90' lang='lat' dir='ltr'>hino</span> <span class='ocrx_word' id='word_1_71' title='bbox 733 1084 815 1145; x_wconf 86' lang='lat' dir='ltr'>Stoz.</span> <span class='ocrx_word' id='word_1_72' title='bbox 909 1085 942 1161; x_wconf 81' lang='lat' dir='ltr'>(l,</span> <span class='ocrx_word' id='word_1_73' title='bbox 960 1085 1009 1144; x_wconf 81' lang='lat' dir='ltr'>l8.</span> <span class='ocrx_word' id='word_1_74' title='bbox 1027 1083 1072 1143; x_wconf 82' lang='lat' dir='ltr'>Aa</span> <span class='ocrx_word' id='word_1_75' title='bbox 1093 1081 1177 1142; x_wconf 84' lang='lat' dir='ltr'>liccat</span> <span class='ocrx_word' id='word_1_76' title='bbox 1197 1077 1283 1155; x_wconf 81' lang='lat' dir='ltr'>banc,</span> <span class='ocrx_word' id='word_1_77' title='bbox 1303 1085 1331 1138; x_wconf 88' lang='lat' dir='ltr'>ct</span> <span class='ocrx_word' id='word_1_78' title='bbox 1344 1075 1506 1157; x_wconf 84' lang='lat' dir='ltr'>oppositam</span> <span class='ocrx_word' id='word_1_79' title='bbox 1520 1079 1631 1134; x_wconf 83' lang='lat' dir='ltr'>reaten·</span> <span class='ocrx_word' id='word_1_80' title='bbox 1656 1068 1717 1126; x_wconf 81' lang='lat'>3¹10</span> 
     </span>
     <span class='ocr_line' id='line_1_8' title="bbox 72 1163 1591 1258; baseline -0.005 -26"><span class='ocrx_word' id='word_1_81' title='bbox 72 1171 90 1232; x_wconf 89' lang='lat' dir='ltr'>t.</span> <span class='ocrx_word' id='word_1_82' title='bbox 109 1175 133 1233; x_wconf 90' lang='lat' dir='ltr'>l.</span> <span class='ocrx_word' id='word_1_83' title='bbox 156 1191 187 1254; x_wconf 87' lang='lat' dir='ltr'>p.</span> <span class='ocrx_word' id='word_1_84' title='bbox 216 1176 245 1234; x_wconf 86' lang='grc'>6.</span> <span class='ocrx_word' id='word_1_85' title='bbox 275 1194 306 1234; x_wconf 85' lang='lat' dir='ltr'>a.</span> <span class='ocrx_word' id='word_1_86' title='bbox 338 1177 404 1238; x_wconf 86' lang='lat' dir='ltr'>too.</span> <span class='ocrx_word' id='word_1_87' title='bbox 434 1177 486 1254; x_wconf 88' lang='lat' dir='ltr'>eit,</span> <span class='ocrx_word' id='word_1_88' title='bbox 517 1177 546 1236; x_wconf 83' lang='lat' dir='ltr'>si</span> <span class='ocrx_word' id='word_1_89' title='bbox 577 1175 662 1237; x_wconf 80' lang='lat' dir='ltr'>milla</span> <span class='ocrx_word' id='word_1_90' title='bbox 688 1176 755 1237; x_wconf 84' lang='lat' dir='ltr'>AA.</span> <span class='ocrx_word' id='word_1_91' title='bbox 786 1177 817 1236; x_wconf 84' lang='lat' dir='ltr'>ia</span> <span class='ocrx_word' id='word_1_92' title='bbox 867 1177 939 1238; x_wconf 84' lang='lat' dir='ltr'>tiam</span> <span class='ocrx_word' id='word_1_93' title='bbox 950 1171 1376 1258; x_wconf 81' lang='lat' dir='ltr'>probabitcmsequiiaeattcm</span> <span class='ocrx_word' id='word_1_94' title='bbox 1390 1163 1591 1229; x_wconf 68' lang='lat' dir='ltr'>materiaill.</span> 
     </span>
     <span class='ocr_line' id='line_1_9' title="bbox 69 1259 1630 1349; baseline -0.004 -25"><span class='ocrx_word' id='word_1_95' title='bbox 69 1283 144 1325; x_wconf 83' lang='lat' dir='ltr'>raam</span> <span class='ocrx_word' id='word_1_96' title='bbox 173 1267 343 1328; x_wconf 79' lang='lat' dir='ltr'>sententiam</span> <span class='ocrx_word' id='word_1_97' title='bbox 378 1273 554 1332; x_wconf 81' lang='lat' dir='ltr'>contentaot</span> <span class='ocrx_word' id='word_1_98' title='bbox 589 1267 675 1330; x_wconf 81' lang='lat' dir='ltr'>natta</span> <span class='ocrx_word' id='word_1_99' title='bbox 701 1268 816 1329; x_wconf 81' lang='lat' dir='ltr'>ratione</span> <span class='ocrx_word' id='word_1_100' title='bbox 905 1270 935 1349; x_wconf 83' lang='lat'>§.</span> <span class='ocrx_word' id='word_1_101' title='bbox 972 1273 1000 1330; x_wconf 90' lang='lat' dir='ltr'>l.</span> <span class='ocrx_word' id='word_1_102' title='bbox 1044 1264 1202 1328; x_wconf 84' lang='lat' dir='ltr'>Caramact</span> <span class='ocrx_word' id='word_1_103' title='bbox 1242 1263 1315 1324; x_wconf 88' lang='lat' dir='ltr'>dicit</span> <span class='ocrx_word' id='word_1_104' title='bbox 1355 1259 1513 1341; x_wconf 77' lang='lat' dir='ltr'>probabile</span> <span class='ocrx_word' id='word_1_105' title='bbox 1548 1275 1630 1324; x_wconf 86' lang='lat' dir='ltr'>csso,</span> 
     </span>
    </p>

    <p class='ocr_par' dir='ltr' id='par_1_4' title="bbox 12 1351 1639 2089">
     <span class='ocr_line' id='line_1_10' title="bbox 12 1351 1633 1442; baseline -0.001 -32"><span class='ocrx_word' id='word_1_106' title='bbox 12 1407 13 1410; x_wconf 74' lang='grc'>,</span> <span class='ocrx_word' id='word_1_107' title='bbox 69 1357 133 1430; x_wconf 81' lang='lat' dir='ltr'>uiri,</span> <span class='ocrx_word' id='word_1_108' title='bbox 142 1357 216 1420; x_wconf 82' lang='lat' dir='ltr'>nulla</span> <span class='ocrx_word' id='word_1_109' title='bbox 227 1358 428 1440; x_wconf 79' lang='lat' dir='ltr'>exboccapite</span> <span class='ocrx_word' id='word_1_110' title='bbox 434 1365 596 1438; x_wconf 72' lang='lat' dir='ltr'>peraretur</span> <span class='ocrx_word' id='word_1_111' title='bbox 599 1359 813 1440; x_wconf 80' lang='lat' dir='ltr'>probabilitas,</span> <span class='ocrx_word' id='word_1_112' title='bbox 866 1363 948 1442; x_wconf 91' lang='lat' dir='ltr'>quod</span> <span class='ocrx_word' id='word_1_113' title='bbox 967 1361 1078 1440; x_wconf 89' lang='lat' dir='ltr'>aliquis</span> <span class='ocrx_word' id='word_1_114' title='bbox 1101 1375 1222 1437; x_wconf 87' lang='lat' dir='ltr'>semper</span> <span class='ocrx_word' id='word_1_115' title='bbox 1247 1353 1352 1436; x_wconf 78' lang='lat' dir='ltr'>possit,</span> <span class='ocrx_word' id='word_1_116' title='bbox 1375 1353 1429 1414; x_wconf 88' lang='lat' dir='ltr'>sed</span> <span class='ocrx_word' id='word_1_117' title='bbox 1446 1351 1530 1412; x_wconf 82' lang='lat' dir='ltr'>bimo</span> <span class='ocrx_word' id='word_1_118' title='bbox 1551 1354 1633 1410; x_wconf 88' lang='lat' dir='ltr'>reate</span> 
     </span>
     <span class='ocr_line' id='line_1_11' title="bbox 68 1441 1629 1532; baseline -0.006 -22"><span class='ocrx_word' id='word_1_119' title='bbox 68 1467 144 1528; x_wconf 85' lang='lat' dir='ltr'>teque</span> <span class='ocrx_word' id='word_1_120' title='bbox 165 1449 338 1512; x_wconf 68' lang='lat' dir='ltr'>medendam</span> <span class='ocrx_word' id='word_1_121' title='bbox 365 1461 407 1512; x_wconf 86' lang='lat' dir='ltr'>cst</span> <span class='ocrx_word' id='word_1_122' title='bbox 433 1451 500 1513; x_wconf 77' lang='lat' dir='ltr'>itta</span> <span class='ocrx_word' id='word_1_123' title='bbox 513 1472 525 1514; x_wconf 94' lang='lat'>.·</span> <span class='ocrx_word' id='word_1_124' title='bbox 558 1453 689 1532; x_wconf 87' lang='lat' dir='ltr'>ideoque</span> <span class='ocrx_word' id='word_1_125' title='bbox 722 1452 816 1513; x_wconf 89' lang='lat' dir='ltr'>etiam</span> <span class='ocrx_word' id='word_1_126' title='bbox 865 1455 1003 1518; x_wconf 85' lang='lat' dir='ltr'>confutat</span> <span class='ocrx_word' id='word_1_127' title='bbox 1016 1454 1097 1514; x_wconf 86' lang='lat' dir='ltr'>Cres.</span> <span class='ocrx_word' id='word_1_128' title='bbox 1114 1449 1255 1528; x_wconf 84' lang='lat' dir='ltr'>aBorgia</span> <span class='ocrx_word' id='word_1_129' title='bbox 1277 1445 1434 1528; x_wconf 80' lang='lat' dir='ltr'>quastione</span> <span class='ocrx_word' id='word_1_130' title='bbox 1460 1446 1491 1504; x_wconf 89' lang='lat' dir='ltr'>a.</span> <span class='ocrx_word' id='word_1_131' title='bbox 1521 1441 1629 1509; x_wconf 87' lang='lat' dir='ltr'>Tamb,</span> 
     </span>
     <span class='ocr_line' id='line_1_12' title="bbox 68 1535 1630 1624; baseline -0.007 -20"><span class='ocrx_word' id='word_1_132' title='bbox 68 1543 143 1604; x_wconf 76' lang='lat' dir='ltr'>dard.</span> <span class='ocrx_word' id='word_1_133' title='bbox 158 1541 185 1604; x_wconf 86' lang='lat' dir='ltr'>d.</span> <span class='ocrx_word' id='word_1_134' title='bbox 206 1547 256 1605; x_wconf 82' lang='lat'>58.</span> <span class='ocrx_word' id='word_1_135' title='bbox 274 1566 305 1606; x_wconf 86' lang='lat' dir='ltr'>a.</span> <span class='ocrx_word' id='word_1_136' title='bbox 322 1547 352 1605; x_wconf 99' lang='grc'>9.</span> <span class='ocrx_word' id='word_1_137' title='bbox 377 1550 408 1606; x_wconf 85' lang='lat' dir='ltr'>et</span> <span class='ocrx_word' id='word_1_138' title='bbox 431 1545 537 1624; x_wconf 87' lang='lat' dir='ltr'>Lupus</span> <span class='ocrx_word' id='word_1_139' title='bbox 558 1545 640 1624; x_wconf 90' lang='lat' dir='ltr'>apud</span> <span class='ocrx_word' id='word_1_140' title='bbox 654 1544 766 1606; x_wconf 87' lang='lat' dir='ltr'>Sanch.</span> <span class='ocrx_word' id='word_1_141' title='bbox 780 1546 817 1606; x_wconf 78' lang='lat' dir='ltr'>(Ie</span> <span class='ocrx_word' id='word_1_142' title='bbox 866 1547 897 1608; x_wconf 84' lang='lat' dir='ltr'>ia</span> <span class='ocrx_word' id='word_1_143' title='bbox 908 1545 1008 1608; x_wconf 86' lang='lat' dir='ltr'>Decat.</span> <span class='ocrx_word' id='word_1_144' title='bbox 1026 1544 1101 1605; x_wconf 80' lang='lat' dir='ltr'>b&#39;bro</span> <span class='ocrx_word' id='word_1_145' title='bbox 1116 1548 1144 1605; x_wconf 89' lang='lat' dir='ltr'>l.</span> <span class='ocrx_word' id='word_1_146' title='bbox 1166 1542 1271 1623; x_wconf 83' lang='lat' dir='ltr'>capite.</span> <span class='ocrx_word' id='word_1_147' title='bbox 1288 1547 1318 1606; x_wconf 88' lang='grc'>3.</span> <span class='ocrx_word' id='word_1_148' title='bbox 1332 1539 1358 1617; x_wconf 80' lang='lat'>§.</span> <span class='ocrx_word' id='word_1_149' title='bbox 1377 1539 1405 1598; x_wconf 78' lang='lat'>5.</span> <span class='ocrx_word' id='word_1_150' title='bbox 1423 1537 1497 1598; x_wconf 85' lang='lat' dir='ltr'>dicit</span> <span class='ocrx_word' id='word_1_151' title='bbox 1523 1535 1630 1610; x_wconf 87' lang='lat' dir='ltr'>licere,</span> 
     </span>
     <span class='ocr_line' id='line_1_13' title="bbox 66 1627 1634 1717; baseline -0.006 -22"><span class='ocrx_word' id='word_1_152' title='bbox 66 1634 185 1696; x_wconf 73' lang='lat' dir='ltr'>Matrica.</span> <span class='ocrx_word' id='word_1_153' title='bbox 202 1635 224 1696; x_wconf 84' lang='lat' dir='ltr'>l.</span> <span class='ocrx_word' id='word_1_154' title='bbox 240 1638 271 1697; x_wconf 87' lang='lat'>3.</span> <span class='ocrx_word' id='word_1_155' title='bbox 285 1637 316 1696; x_wconf 81' lang='lat' dir='ltr'>d.</span> <span class='ocrx_word' id='word_1_156' title='bbox 334 1637 383 1696; x_wconf 78' lang='lat' dir='ltr'>ll.</span> <span class='ocrx_word' id='word_1_157' title='bbox 399 1656 428 1696; x_wconf 86' lang='lat' dir='ltr'>a.</span> <span class='ocrx_word' id='word_1_158' title='bbox 450 1641 481 1698; x_wconf 75' lang='lat'>2.</span> <span class='ocrx_word' id='word_1_159' title='bbox 496 1637 613 1713; x_wconf 86' lang='lat' dir='ltr'>dicunt,</span> <span class='ocrx_word' id='word_1_160' title='bbox 629 1655 685 1697; x_wconf 82' lang='lat' dir='ltr'>noa</span> <span class='ocrx_word' id='word_1_161' title='bbox 699 1643 740 1698; x_wconf 86' lang='lat' dir='ltr'>cst</span> <span class='ocrx_word' id='word_1_162' title='bbox 753 1654 816 1698; x_wconf 87' lang='lat' dir='ltr'>cre·</span> <span class='ocrx_word' id='word_1_163' title='bbox 865 1638 1034 1700; x_wconf 91' lang='lat' dir='ltr'>dummodo</span> <span class='ocrx_word' id='word_1_164' title='bbox 1048 1635 1246 1717; x_wconf 84' lang='lat' dir='ltr'>probabilitas</span> <span class='ocrx_word' id='word_1_165' title='bbox 1257 1631 1409 1712; x_wconf 87' lang='lat' dir='ltr'>opinionis</span> <span class='ocrx_word' id='word_1_166' title='bbox 1423 1647 1487 1689; x_wconf 90' lang='lat' dir='ltr'>uon</span> <span class='ocrx_word' id='word_1_167' title='bbox 1500 1627 1634 1708; x_wconf 85' lang='lat' dir='ltr'>pendeat</span> 
     </span>
     <span class='ocr_line' id='line_1_14' title="bbox 66 1720 1633 1810; baseline -0.004 -23"><span class='ocrx_word' id='word_1_168' title='bbox 66 1725 173 1788; x_wconf 72' lang='lat' dir='ltr'>tentem</span> <span class='ocrx_word' id='word_1_169' title='bbox 200 1727 371 1788; x_wconf 78' lang='lat' dir='ltr'>Doctom‘tas</span> <span class='ocrx_word' id='word_1_170' title='bbox 396 1737 664 1810; x_wconf 82' lang='lat' dir='ltr'>quantamcumque</span> <span class='ocrx_word' id='word_1_171' title='bbox 681 1727 815 1791; x_wconf 84' lang='lat' dir='ltr'>doctriua</span> <span class='ocrx_word' id='word_1_172' title='bbox 864 1730 1042 1794; x_wconf 88' lang='lat' dir='ltr'>immediate</span> <span class='ocrx_word' id='word_1_173' title='bbox 1079 1734 1216 1790; x_wconf 87' lang='lat' dir='ltr'>anostra</span> <span class='ocrx_word' id='word_1_174' title='bbox 1242 1725 1411 1790; x_wconf 85' lang='lat' dir='ltr'>voluntate,</span> <span class='ocrx_word' id='word_1_175' title='bbox 1434 1720 1633 1800; x_wconf 88' lang='lat' dir='ltr'>quandonam</span> 
     </span>
     <span class='ocr_line' id='line_1_15' title="bbox 62 1814 1639 1903; baseline -0.003 -25"><span class='ocrx_word' id='word_1_176' title='bbox 62 1817 188 1900; x_wconf 81' lang='lat' dir='ltr'>polleant,</span> <span class='ocrx_word' id='word_1_177' title='bbox 203 1817 273 1881; x_wconf 85' lang='lat' dir='ltr'>dam</span> <span class='ocrx_word' id='word_1_178' title='bbox 288 1826 389 1881; x_wconf 82' lang='lat' dir='ltr'>careat</span> <span class='ocrx_word' id='word_1_179' title='bbox 403 1820 771 1900; x_wconf 82' lang='lat' dir='ltr'>sundamcato;similiter</span> <span class='ocrx_word' id='word_1_180' title='bbox 781 1823 812 1884; x_wconf 91' lang='lat' dir='ltr'>S.</span> <span class='ocrx_word' id='word_1_181' title='bbox 864 1831 968 1886; x_wconf 85' lang='lat' dir='ltr'>sutem</span> <span class='ocrx_word' id='word_1_182' title='bbox 1004 1821 1204 1903; x_wconf 77' lang='lat' dir='ltr'>probabilitas</span> <span class='ocrx_word' id='word_1_183' title='bbox 1249 1817 1392 1898; x_wconf 88' lang='lat' dir='ltr'>pendeat,</span> <span class='ocrx_word' id='word_1_184' title='bbox 1417 1814 1468 1876; x_wconf 86' lang='lat' dir='ltr'>vel</span> <span class='ocrx_word' id='word_1_185' title='bbox 1482 1831 1546 1874; x_wconf 91' lang='lat' dir='ltr'>non</span> <span class='ocrx_word' id='word_1_186' title='bbox 1560 1829 1639 1890; x_wconf 85' lang='lat' dir='ltr'>peu·¹</span> 
     </span>
     <span class='ocr_line' id='line_1_16' title="bbox 66 1905 1633 1994; baseline -0.004 -24"><span class='ocrx_word' id='word_1_187' title='bbox 66 1910 173 1972; x_wconf 77' lang='lat' dir='ltr'>Hieron,</span> <span class='ocrx_word' id='word_1_188' title='bbox 196 1911 242 1972; x_wconf 89' lang='lat' dir='ltr'>uti</span> <span class='ocrx_word' id='word_1_189' title='bbox 256 1913 388 1974; x_wconf 87' lang='lat' dir='ltr'>refertur</span> <span class='ocrx_word' id='word_1_190' title='bbox 410 1912 485 1992; x_wconf 82' lang='lat' dir='ltr'>Cap.</span> <span class='ocrx_word' id='word_1_191' title='bbox 511 1913 579 1994; x_wconf 75' lang='lat' dir='ltr'>Epo</span> <span class='ocrx_word' id='word_1_192' title='bbox 597 1912 678 1989; x_wconf 83' lang='lat' dir='ltr'>solis,</span> <span class='ocrx_word' id='word_1_193' title='bbox 699 1913 771 1974; x_wconf 76' lang='lat' dir='ltr'>ctist.</span> <span class='ocrx_word' id='word_1_194' title='bbox 783 1916 813 1976; x_wconf 84' lang='lat'>9.</span> <span class='ocrx_word' id='word_1_195' title='bbox 864 1919 935 1979; x_wconf 80' lang='lat' dir='ltr'>dent</span> <span class='ocrx_word' id='word_1_196' title='bbox 970 1927 1076 1976; x_wconf 86' lang='lat' dir='ltr'>nostra</span> <span class='ocrx_word' id='word_1_197' title='bbox 1111 1913 1258 1988; x_wconf 85' lang='lat' dir='ltr'>volutata,</span> <span class='ocrx_word' id='word_1_198' title='bbox 1283 1928 1348 1971; x_wconf 91' lang='lat' dir='ltr'>nou</span> <span class='ocrx_word' id='word_1_199' title='bbox 1364 1907 1435 1968; x_wconf 86' lang='lat' dir='ltr'>satis</span> <span class='ocrx_word' id='word_1_200' title='bbox 1458 1905 1548 1966; x_wconf 83' lang='lat' dir='ltr'>clare</span> <span class='ocrx_word' id='word_1_201' title='bbox 1583 1922 1633 1964; x_wconf 82' lang='lat' dir='ltr'>ex·</span> 
     </span>
     <span class='ocr_line' id='line_1_17' title="bbox 64 2001 1060 2089; baseline 0.007 -27"><span class='ocrx_word' id='word_1_202' title='bbox 64 2001 107 2076; x_wconf 82' lang='lat' dir='ltr'>ait,</span> <span class='ocrx_word' id='word_1_203' title='bbox 127 2003 313 2066; x_wconf 79' lang='lat' dir='ltr'>Alc&#39;osautem</span> <span class='ocrx_word' id='word_1_204' title='bbox 335 2005 380 2066; x_wconf 83' lang='lat' dir='ltr'>ita</span> <span class='ocrx_word' id='word_1_205' title='bbox 396 2003 471 2086; x_wconf 73' lang='lat' dir='ltr'>lego,</span> <span class='ocrx_word' id='word_1_206' title='bbox 493 2004 815 2086; x_wconf 82' lang='lat' dir='ltr'>utqaaatotibetsaac-</span> <span class='ocrx_word' id='word_1_207' title='bbox 865 2010 969 2089; x_wconf 89' lang='lat' dir='ltr'>plicat.</span> <span class='ocrx_word' id='word_1_208' title='bbox 1059 2013 1060 2016; x_wconf 75' lang='grc'>’</span> 
     </span>
    </p>

    <p class='ocr_par' dir='ltr' id='par_1_5' title="bbox 27 2089 1709 5684">
     <span class='ocr_line' id='line_1_18' title="bbox 65 2089 1709 2180; baseline -0.002 -28"><span class='ocrx_word' id='word_1_209' title='bbox 65 2093 134 2154; x_wconf 88' lang='lat' dir='ltr'>titatc</span> <span class='ocrx_word' id='word_1_210' title='bbox 154 2103 298 2177; x_wconf 83' lang='lat' dir='ltr'>quantave</span> <span class='ocrx_word' id='word_1_211' title='bbox 330 2096 471 2158; x_wconf 83' lang='lat' dir='ltr'>doctrima</span> <span class='ocrx_word' id='word_1_212' title='bbox 501 2097 639 2178; x_wconf 81' lang='lat' dir='ltr'>polleant,</span> <span class='ocrx_word' id='word_1_213' title='bbox 670 2115 726 2158; x_wconf 82' lang='lat' dir='ltr'>aaa</span> <span class='ocrx_word' id='word_1_214' title='bbox 752 2096 816 2158; x_wconf 82' lang='lat' dir='ltr'>idco</span> <span class='ocrx_word' id='word_1_215' title='bbox 904 2102 932 2180; x_wconf 67' lang='lat' dir='ltr'>g.</span> <span class='ocrx_word' id='word_1_216' title='bbox 958 2105 987 2162; x_wconf 77' lang='grc'>9.</span> <span class='ocrx_word' id='word_1_217' title='bbox 1012 2097 1106 2160; x_wconf 89' lang='lat' dir='ltr'>Bardi</span> <span class='ocrx_word' id='word_1_218' title='bbox 1120 2096 1192 2158; x_wconf 82' lang='lat' dir='ltr'>disc.</span> <span class='ocrx_word' id='word_1_219' title='bbox 1217 2101 1247 2158; x_wconf 79' lang='lat' dir='ltr'>t.</span> <span class='ocrx_word' id='word_1_220' title='bbox 1276 2113 1303 2155; x_wconf 92' lang='lat' dir='ltr'>c.</span> <span class='ocrx_word' id='word_1_221' title='bbox 1325 2095 1375 2154; x_wconf 81' lang='lat' dir='ltr'>tt.</span> <span class='ocrx_word' id='word_1_222' title='bbox 1401 2091 1514 2170; x_wconf 85' lang='lat' dir='ltr'>Sporer</span> <span class='ocrx_word' id='word_1_223' title='bbox 1531 2106 1563 2148; x_wconf 83' lang='lat' dir='ltr'>a.</span> <span class='ocrx_word' id='word_1_224' title='bbox 1580 2089 1629 2150; x_wconf 84' lang='lat'>35.</span> <span class='ocrx_word' id='word_1_225' title='bbox 1657 2089 1709 2149; x_wconf 72' lang='lat'>3¹14</span> 
     </span>
     <span class='ocr_line' id='line_1_19' title="bbox 62 2183 1631 2270; baseline -0.006 -22"><span class='ocrx_word' id='word_1_226' title='bbox 62 2195 150 2246; x_wconf 75' lang='lat' dir='ltr'>tuam</span> <span class='ocrx_word' id='word_1_227' title='bbox 173 2195 287 2268; x_wconf 82' lang='lat' dir='ltr'>putam,</span> <span class='ocrx_word' id='word_1_228' title='bbox 319 2189 393 2270; x_wconf 82' lang='lat' dir='ltr'>quio</span> <span class='ocrx_word' id='word_1_229' title='bbox 420 2189 480 2270; x_wconf 83' lang='lat' dir='ltr'>ipsi</span> <span class='ocrx_word' id='word_1_230' title='bbox 507 2192 551 2250; x_wconf 84' lang='lat' dir='ltr'>ita</span> <span class='ocrx_word' id='word_1_231' title='bbox 575 2194 736 2268; x_wconf 70' lang='lat' dir='ltr'>seasmaat,</span> <span class='ocrx_word' id='word_1_232' title='bbox 766 2191 817 2251; x_wconf 78' lang='lat' dir='ltr'>sed</span> <span class='ocrx_word' id='word_1_233' title='bbox 865 2195 976 2256; x_wconf 88' lang='lat' dir='ltr'>melius</span> <span class='ocrx_word' id='word_1_234' title='bbox 990 2193 1098 2254; x_wconf 88' lang='lat' dir='ltr'>dicunt</span> <span class='ocrx_word' id='word_1_235' title='bbox 1106 2208 1172 2250; x_wconf 89' lang='lat' dir='ltr'>non</span> <span class='ocrx_word' id='word_1_236' title='bbox 1182 2189 1284 2258; x_wconf 83' lang='lat' dir='ltr'>licere,</span> <span class='ocrx_word' id='word_1_237' title='bbox 1306 2185 1332 2246; x_wconf 90' lang='lat' dir='ltr'>si</span> <span class='ocrx_word' id='word_1_238' title='bbox 1344 2185 1394 2245; x_wconf 82' lang='lat' dir='ltr'>lex</span> <span class='ocrx_word' id='word_1_239' title='bbox 1407 2183 1510 2261; x_wconf 88' lang='lat' dir='ltr'>aliqua</span> <span class='ocrx_word' id='word_1_240' title='bbox 1525 2199 1631 2241; x_wconf 86' lang='lat' dir='ltr'>occur-</span> 
     </span>
     <span class='ocr_line' id='line_1_20' title="bbox 63 2276 1631 2364; baseline -0.004 -27"><span class='ocrx_word' id='word_1_241' title='bbox 63 2278 121 2355; x_wconf 81' lang='lat' dir='ltr'>paia</span> <span class='ocrx_word' id='word_1_242' title='bbox 144 2278 218 2340; x_wconf 77' lang='lat' dir='ltr'>mebi</span> <span class='ocrx_word' id='word_1_243' title='bbox 238 2300 299 2361; x_wconf 84' lang='lat' dir='ltr'>per</span> <span class='ocrx_word' id='word_1_244' title='bbox 323 2280 399 2342; x_wconf 83' lang='lat' dir='ltr'>altos</span> <span class='ocrx_word' id='word_1_245' title='bbox 424 2283 591 2350; x_wconf 83' lang='lat' dir='ltr'>Auctorec,</span> <span class='ocrx_word' id='word_1_246' title='bbox 620 2280 667 2342; x_wconf 84' lang='lat' dir='ltr'>act</span> <span class='ocrx_word' id='word_1_247' title='bbox 692 2279 819 2342; x_wconf 80' lang='lat' dir='ltr'>Canout&#39;-</span> <span class='ocrx_word' id='word_1_248' title='bbox 865 2291 923 2356; x_wconf 85' lang='lat' dir='ltr'>rat,</span> <span class='ocrx_word' id='word_1_249' title='bbox 940 2285 1029 2364; x_wconf 81' lang='lat' dir='ltr'>cnjus</span> <span class='ocrx_word' id='word_1_250' title='bbox 1042 2282 1190 2362; x_wconf 80' lang='lat' dir='ltr'>obligatio</span> <span class='ocrx_word' id='word_1_251' title='bbox 1209 2281 1248 2341; x_wconf 90' lang='lat' dir='ltr'>sit</span> <span class='ocrx_word' id='word_1_252' title='bbox 1261 2283 1354 2353; x_wconf 87' lang='lat' dir='ltr'>certa,</span> <span class='ocrx_word' id='word_1_253' title='bbox 1370 2281 1400 2336; x_wconf 91' lang='lat' dir='ltr'>et</span> <span class='ocrx_word' id='word_1_254' title='bbox 1418 2291 1489 2353; x_wconf 87' lang='lat' dir='ltr'>quaa</span> <span class='ocrx_word' id='word_1_255' title='bbox 1501 2276 1570 2352; x_wconf 88' lang='lat' dir='ltr'>post</span> <span class='ocrx_word' id='word_1_256' title='bbox 1583 2290 1631 2332; x_wconf 89' lang='lat' dir='ltr'>as-</span> 
     </span>
     <span class='ocr_line' id='line_1_21' title="bbox 61 2364 1633 2459; baseline -0.003 -32"><span class='ocrx_word' id='word_1_257' title='bbox 61 2386 110 2442; x_wconf 81' lang='lat' dir='ltr'>tas,</span> <span class='ocrx_word' id='word_1_258' title='bbox 143 2371 189 2432; x_wconf 84' lang='lat' dir='ltr'>aet</span> <span class='ocrx_word' id='word_1_259' title='bbox 218 2370 382 2452; x_wconf 81' lang='lat' dir='ltr'>probabiles</span> <span class='ocrx_word' id='word_1_260' title='bbox 415 2373 552 2448; x_wconf 83' lang='lat' dir='ltr'>rationes,</span> <span class='ocrx_word' id='word_1_261' title='bbox 589 2371 669 2454; x_wconf 86' lang='lat' dir='ltr'>qaod</span> <span class='ocrx_word' id='word_1_262' title='bbox 700 2392 719 2432; x_wconf 91' lang='lat' dir='ltr'>a</span> <span class='ocrx_word' id='word_1_263' title='bbox 753 2393 818 2435; x_wconf 85' lang='lat' dir='ltr'>cero</span> <span class='ocrx_word' id='word_1_264' title='bbox 865 2385 1021 2459; x_wconf 88' lang='lat' dir='ltr'>sumptam</span> <span class='ocrx_word' id='word_1_265' title='bbox 1032 2377 1161 2437; x_wconf 85' lang='lat' dir='ltr'>alteram</span> <span class='ocrx_word' id='word_1_266' title='bbox 1172 2370 1356 2434; x_wconf 86' lang='lat' dir='ltr'>sententiam</span> <span class='ocrx_word' id='word_1_267' title='bbox 1369 2365 1563 2447; x_wconf 90' lang='lat' dir='ltr'>probabilem</span> <span class='ocrx_word' id='word_1_268' title='bbox 1575 2364 1633 2424; x_wconf 92' lang='lat' dir='ltr'>im-</span> 
     </span>
     <span class='ocr_line' id='line_1_22' title="bbox 62 2455 1633 2552; baseline -0.004 -32"><span class='ocrx_word' id='word_1_269' title='bbox 62 2478 108 2520; x_wconf 84' lang='lat' dir='ltr'>raa</span> <span class='ocrx_word' id='word_1_270' title='bbox 125 2461 280 2524; x_wconf 78' lang='lat' dir='ltr'>abhorreat</span> <span class='ocrx_word' id='word_1_271' title='bbox 293 2463 464 2546; x_wconf 70' lang='lat' dir='ltr'>peruadere</span> <span class='ocrx_word' id='word_1_272' title='bbox 474 2471 621 2545; x_wconf 80' lang='lat' dir='ltr'>poteraut,</span> <span class='ocrx_word' id='word_1_273' title='bbox 638 2465 816 2526; x_wconf 88' lang='lat' dir='ltr'>Communi·</span> <span class='ocrx_word' id='word_1_274' title='bbox 865 2472 944 2552; x_wconf 87' lang='lat' dir='ltr'>pleri</span> <span class='ocrx_word' id='word_1_275' title='bbox 963 2489 1027 2531; x_wconf 90' lang='lat' dir='ltr'>non</span> <span class='ocrx_word' id='word_1_276' title='bbox 1040 2472 1153 2550; x_wconf 86' lang='lat' dir='ltr'>posset,</span> <span class='ocrx_word' id='word_1_277' title='bbox 1172 2466 1206 2526; x_wconf 93' lang='lat' dir='ltr'>in</span> <span class='ocrx_word' id='word_1_278' title='bbox 1220 2465 1277 2525; x_wconf 90' lang='lat' dir='ltr'>hoc</span> <span class='ocrx_word' id='word_1_279' title='bbox 1303 2461 1386 2522; x_wconf 90' lang='lat' dir='ltr'>enim</span> <span class='ocrx_word' id='word_1_280' title='bbox 1399 2476 1472 2519; x_wconf 82' lang='lat' dir='ltr'>casu</span> <span class='ocrx_word' id='word_1_281' title='bbox 1486 2455 1633 2535; x_wconf 81' lang='lat' dir='ltr'>obligatio</span> 
     </span>
     <span class='ocr_line' id='line_1_23' title="bbox 59 2548 1632 2642; baseline -0.004 -29"><span class='ocrx_word' id='word_1_282' title='bbox 59 2557 99 2613; x_wconf 87' lang='lat' dir='ltr'>ter</span> <span class='ocrx_word' id='word_1_283' title='bbox 119 2561 221 2616; x_wconf 88' lang='lat' dir='ltr'>tamen</span> <span class='ocrx_word' id='word_1_284' title='bbox 243 2558 412 2636; x_wconf 83' lang='lat' dir='ltr'>prudenter</span> <span class='ocrx_word' id='word_1_285' title='bbox 438 2558 584 2637; x_wconf 73' lang='lat' dir='ltr'>presumi</span> <span class='ocrx_word' id='word_1_286' title='bbox 602 2562 710 2636; x_wconf 87' lang='lat' dir='ltr'>potest,</span> <span class='ocrx_word' id='word_1_287' title='bbox 734 2560 818 2638; x_wconf 91' lang='lat' dir='ltr'>quod</span> <span class='ocrx_word' id='word_1_288' title='bbox 865 2564 942 2642; x_wconf 89' lang='lat' dir='ltr'>legis</span> <span class='ocrx_word' id='word_1_289' title='bbox 958 2561 1086 2639; x_wconf 87' lang='lat' dir='ltr'>alicujus</span> <span class='ocrx_word' id='word_1_290' title='bbox 1097 2566 1187 2620; x_wconf 78' lang='lat' dir='ltr'>certas</span> <span class='ocrx_word' id='word_1_291' title='bbox 1202 2556 1388 2628; x_wconf 89' lang='lat' dir='ltr'>eluderetur,</span> <span class='ocrx_word' id='word_1_292' title='bbox 1403 2569 1433 2611; x_wconf 83' lang='lat' dir='ltr'>r.</span> <span class='ocrx_word' id='word_1_293' title='bbox 1451 2568 1481 2629; x_wconf 91' lang='lat' dir='ltr'>g.</span> <span class='ocrx_word' id='word_1_294' title='bbox 1498 2548 1523 2609; x_wconf 90' lang='lat' dir='ltr'>si</span> <span class='ocrx_word' id='word_1_295' title='bbox 1538 2549 1632 2609; x_wconf 89' lang='lat' dir='ltr'>horo-</span> 
     </span>
     <span class='ocr_line' id='line_1_24' title="bbox 59 2641 1632 2736; baseline -0.01 -20"><span class='ocrx_word' id='word_1_296' title='bbox 59 2645 125 2706; x_wconf 90' lang='lat' dir='ltr'>adsit</span> <span class='ocrx_word' id='word_1_297' title='bbox 145 2648 345 2726; x_wconf 72' lang='lat' dir='ltr'>probabilitas</span> <span class='ocrx_word' id='word_1_298' title='bbox 370 2649 545 2718; x_wconf 69' lang='lat' dir='ltr'>intrinseca.</span> <span class='ocrx_word' id='word_1_299' title='bbox 562 2649 618 2709; x_wconf 84' lang='lat' dir='ltr'>ubi</span> <span class='ocrx_word' id='word_1_300' title='bbox 643 2650 734 2710; x_wconf 77' lang='lat' dir='ltr'>multi</span> <span class='ocrx_word' id='word_1_301' title='bbox 752 2653 812 2712; x_wconf 75' lang='grc' dir='ltr'>ΛΑ.</span> <span class='ocrx_word' id='word_1_302' title='bbox 865 2657 983 2736; x_wconf 85' lang='lat' dir='ltr'>logium</span> <span class='ocrx_word' id='word_1_303' title='bbox 999 2657 1034 2729; x_wconf 81' lang='grc' dir='ltr'>Α,</span> <span class='ocrx_word' id='word_1_304' title='bbox 1051 2656 1139 2714; x_wconf 89' lang='lat' dir='ltr'>sonet</span> <span class='ocrx_word' id='word_1_305' title='bbox 1157 2649 1353 2711; x_wconf 74' lang='lat' dir='ltr'>undecimam</span> <span class='ocrx_word' id='word_1_306' title='bbox 1367 2643 1477 2718; x_wconf 88' lang='lat' dir='ltr'>noctis,</span> <span class='ocrx_word' id='word_1_307' title='bbox 1497 2641 1632 2701; x_wconf 87' lang='lat' dir='ltr'>ethora-</span> 
     </span>
     <span class='ocr_line' id='line_1_25' title="bbox 57 2731 1633 2836; baseline -0.003 -38"><span class='ocrx_word' id='word_1_308' title='bbox 57 2737 816 2822; x_wconf 85' lang='lat' dir='ltr'>etiamnuncaliquamopinionemtenent,hienim</span> <span class='ocrx_word' id='word_1_309' title='bbox 865 2750 984 2828; x_wconf 83' lang='lat' dir='ltr'>logium</span> <span class='ocrx_word' id='word_1_310' title='bbox 1007 2748 1041 2807; x_wconf 92' lang='lat' dir='ltr'>B.</span> <span class='ocrx_word' id='word_1_311' title='bbox 1077 2744 1215 2804; x_wconf 90' lang='lat' dir='ltr'>medium</span> <span class='ocrx_word' id='word_1_312' title='bbox 1252 2737 1434 2810; x_wconf 76' lang='lat' dir='ltr'>undecima,</span> <span class='ocrx_word' id='word_1_313' title='bbox 1473 2731 1633 2836; x_wconf 78' lang='lat' dir='ltr'>supposito</span> 
     </span>
     <span class='ocr_line' id='line_1_26' title="bbox 57 2827 1634 2921; baseline -0.004 -32"><span class='ocrx_word' id='word_1_314' title='bbox 57 2847 111 2891; x_wconf 93' lang='lat' dir='ltr'>non</span> <span class='ocrx_word' id='word_1_315' title='bbox 125 2839 267 2894; x_wconf 87' lang='lat' dir='ltr'>assernnt</span> <span class='ocrx_word' id='word_1_316' title='bbox 275 2836 453 2897; x_wconf 86' lang='lat' dir='ltr'>temeresed</span> <span class='ocrx_word' id='word_1_317' title='bbox 464 2835 504 2895; x_wconf 92' lang='lat' dir='ltr'>ob</span> <span class='ocrx_word' id='word_1_318' title='bbox 513 2835 650 2896; x_wconf 86' lang='lat' dir='ltr'>rationes</span> <span class='ocrx_word' id='word_1_319' title='bbox 660 2836 815 2912; x_wconf 82' lang='lat' dir='ltr'>inventas3</span> <span class='ocrx_word' id='word_1_320' title='bbox 866 2841 949 2921; x_wconf 86' lang='lat' dir='ltr'>quod</span> <span class='ocrx_word' id='word_1_321' title='bbox 987 2845 1154 2916; x_wconf 90' lang='lat' dir='ltr'>utrumque</span> <span class='ocrx_word' id='word_1_322' title='bbox 1191 2831 1389 2910; x_wconf 81' lang='lat' dir='ltr'>horologium</span> <span class='ocrx_word' id='word_1_323' title='bbox 1427 2827 1634 2888; x_wconf 87' lang='lat' dir='ltr'>commumter</span> 
     </span>
     <span class='ocr_line' id='line_1_27' title="bbox 54 2920 1631 3008; baseline -0.003 -27"><span class='ocrx_word' id='word_1_324' title='bbox 54 2921 175 3004; x_wconf 86' lang='lat' dir='ltr'>ideoque</span> <span class='ocrx_word' id='word_1_325' title='bbox 205 2927 298 3006; x_wconf 85' lang='lat' dir='ltr'>Spar.</span> <span class='ocrx_word' id='word_1_326' title='bbox 325 2945 358 2988; x_wconf 91' lang='lat' dir='ltr'>n.</span> <span class='ocrx_word' id='word_1_327' title='bbox 389 2928 437 2988; x_wconf 87' lang='grc'>39.</span> <span class='ocrx_word' id='word_1_328' title='bbox 466 2932 546 2988; x_wconf 89' lang='lat' dir='ltr'>reete</span> <span class='ocrx_word' id='word_1_329' title='bbox 574 2932 662 2987; x_wconf 91' lang='lat' dir='ltr'>notat</span> <span class='ocrx_word' id='word_1_330' title='bbox 680 2927 816 3006; x_wconf 88' lang='lat' dir='ltr'>aliquem</span> <span class='ocrx_word' id='word_1_331' title='bbox 866 2935 945 2994; x_wconf 77' lang='lat' dir='ltr'>hene</span> <span class='ocrx_word' id='word_1_332' title='bbox 959 2931 1120 3008; x_wconf 80' lang='lat' dir='ltr'>dirigatur,</span> <span class='ocrx_word' id='word_1_333' title='bbox 1142 2923 1301 3007; x_wconf 89' lang='lat' dir='ltr'>probabile</span> <span class='ocrx_word' id='word_1_334' title='bbox 1322 2921 1381 2984; x_wconf 85' lang='lat' dir='ltr'>erit</span> <span class='ocrx_word' id='word_1_335' title='bbox 1394 2920 1479 3000; x_wconf 89' lang='lat' dir='ltr'>prius</span> <span class='ocrx_word' id='word_1_336' title='bbox 1492 2934 1557 2978; x_wconf 89' lang='lat' dir='ltr'>esse</span> <span class='ocrx_word' id='word_1_337' title='bbox 1566 2933 1631 2978; x_wconf 91' lang='lat' dir='ltr'>me-</span> 
     </span>
     <span class='ocr_line' id='line_1_28' title="bbox 55 3009 1633 3098; baseline -0.006 -21"><span class='ocrx_word' id='word_1_338' title='bbox 55 3022 210 3092; x_wconf 87' lang='lat' dir='ltr'>possetuto</span> <span class='ocrx_word' id='word_1_339' title='bbox 226 3018 314 3097; x_wconf 90' lang='lat' dir='ltr'>sequi</span> <span class='ocrx_word' id='word_1_340' title='bbox 332 3017 512 3098; x_wconf 87' lang='lat' dir='ltr'>opinionem</span> <span class='ocrx_word' id='word_1_341' title='bbox 530 3036 739 3095; x_wconf 83' lang='lat' dir='ltr'>communem,</span> <span class='ocrx_word' id='word_1_342' title='bbox 757 3021 816 3080; x_wconf 88' lang='lat' dir='ltr'>nisi</span> <span class='ocrx_word' id='word_1_343' title='bbox 865 3025 953 3087; x_wconf 80' lang='lat' dir='ltr'>dium</span> <span class='ocrx_word' id='word_1_344' title='bbox 974 3022 1157 3096; x_wconf 82' lang='lat' dir='ltr'>undecimae,</span> <span class='ocrx_word' id='word_1_345' title='bbox 1187 3017 1260 3078; x_wconf 89' lang='lat' dir='ltr'>hinc</span> <span class='ocrx_word' id='word_1_346' title='bbox 1287 3013 1398 3094; x_wconf 87' lang='lat' dir='ltr'>aliquis</span> <span class='ocrx_word' id='word_1_347' title='bbox 1419 3011 1525 3072; x_wconf 85' lang='lat' dir='ltr'>volens</span> <span class='ocrx_word' id='word_1_348' title='bbox 1545 3009 1633 3087; x_wconf 89' lang='lat' dir='ltr'>sequi</span> 
     </span>
     <span class='ocr_line' id='line_1_29' title="bbox 53 3103 1633 3194; baseline -0.002 -30"><span class='ocrx_word' id='word_1_349' title='bbox 53 3105 121 3169; x_wconf 82' lang='lat' dir='ltr'>forte</span> <span class='ocrx_word' id='word_1_350' title='bbox 141 3128 225 3171; x_wconf 91' lang='lat' dir='ltr'>unus</span> <span class='ocrx_word' id='word_1_351' title='bbox 249 3117 373 3171; x_wconf 89' lang='lat' dir='ltr'>seautus</span> <span class='ocrx_word' id='word_1_352' title='bbox 389 3110 496 3172; x_wconf 82' lang='lat' dir='ltr'>fuisset</span> <span class='ocrx_word' id='word_1_353' title='bbox 522 3111 665 3189; x_wconf 85' lang='lat' dir='ltr'>alterum,</span> <span class='ocrx_word' id='word_1_354' title='bbox 690 3110 736 3172; x_wconf 91' lang='lat' dir='ltr'>uti</span> <span class='ocrx_word' id='word_1_355' title='bbox 751 3113 816 3172; x_wconf 90' lang='lat' dir='ltr'>ovis</span> <span class='ocrx_word' id='word_1_356' title='bbox 864 3115 1061 3194; x_wconf 86' lang='lat' dir='ltr'>horologium</span> <span class='ocrx_word' id='word_1_357' title='bbox 1084 3115 1118 3188; x_wconf 87' lang='lat' dir='ltr'>B,</span> <span class='ocrx_word' id='word_1_358' title='bbox 1143 3111 1244 3172; x_wconf 84' lang='lat' dir='ltr'>adhue</span> <span class='ocrx_word' id='word_1_359' title='bbox 1270 3127 1326 3188; x_wconf 92' lang='lat' dir='ltr'>per</span> <span class='ocrx_word' id='word_1_360' title='bbox 1348 3107 1459 3166; x_wconf 91' lang='lat' dir='ltr'>horam</span> <span class='ocrx_word' id='word_1_361' title='bbox 1479 3103 1633 3180; x_wconf 87' lang='lat' dir='ltr'>integram</span> 
     </span>
     <span class='ocr_line' id='line_1_30' title="bbox 53 3194 1633 3282; baseline 0.001 -23"><span class='ocrx_word' id='word_1_362' title='bbox 53 3216 143 3277; x_wconf 83' lang='lat' dir='ltr'>orem,</span> <span class='ocrx_word' id='word_1_363' title='bbox 169 3202 256 3282; x_wconf 91' lang='lat' dir='ltr'>quod</span> <span class='ocrx_word' id='word_1_364' title='bbox 282 3202 468 3282; x_wconf 85' lang='lat' dir='ltr'>quandoque</span> <span class='ocrx_word' id='word_1_365' title='bbox 502 3203 548 3278; x_wconf 88' lang='lat' dir='ltr'>tit,</span> <span class='ocrx_word' id='word_1_366' title='bbox 571 3208 626 3263; x_wconf 90' lang='lat' dir='ltr'>aut</span> <span class='ocrx_word' id='word_1_367' title='bbox 655 3204 715 3264; x_wconf 90' lang='lat' dir='ltr'>nisi</span> <span class='ocrx_word' id='word_1_368' title='bbox 748 3205 814 3265; x_wconf 88' lang='lat' dir='ltr'>viro</span> <span class='ocrx_word' id='word_1_369' title='bbox 864 3207 947 3268; x_wconf 87' lang='lat' dir='ltr'>licite</span> <span class='ocrx_word' id='word_1_370' title='bbox 969 3203 1090 3266; x_wconf 81' lang='lat' dir='ltr'>differet</span> <span class='ocrx_word' id='word_1_371' title='bbox 1114 3202 1277 3280; x_wconf 88' lang='lat' dir='ltr'>Vesperas,</span> <span class='ocrx_word' id='word_1_372' title='bbox 1303 3194 1501 3277; x_wconf 84' lang='lat' dir='ltr'>postmodum</span> <span class='ocrx_word' id='word_1_373' title='bbox 1528 3194 1633 3252; x_wconf 65' lang='lat' dir='ltr'>tutem</span> 
     </span>
     <span class='ocr_line' id='line_1_31' title="bbox 51 3285 1631 3378; baseline -0.005 -28"><span class='ocrx_word' id='word_1_374' title='bbox 51 3289 131 3353; x_wconf 89' lang='lat' dir='ltr'>docto</span> <span class='ocrx_word' id='word_1_375' title='bbox 142 3299 321 3356; x_wconf 84' lang='lat' dir='ltr'>occurreret</span> <span class='ocrx_word' id='word_1_376' title='bbox 332 3294 511 3378; x_wconf 79' lang='lat' dir='ltr'>firmaratio</span> <span class='ocrx_word' id='word_1_377' title='bbox 525 3313 590 3355; x_wconf 91' lang='lat' dir='ltr'>non</span> <span class='ocrx_word' id='word_1_378' title='bbox 602 3296 816 3358; x_wconf 89' lang='lat' dir='ltr'>animadversa</span> <span class='ocrx_word' id='word_1_379' title='bbox 864 3299 970 3360; x_wconf 82' lang='lat' dir='ltr'>audita</span> <span class='ocrx_word' id='word_1_380' title='bbox 988 3295 1170 3358; x_wconf 89' lang='lat' dir='ltr'>duodecima</span> <span class='ocrx_word' id='word_1_381' title='bbox 1184 3295 1217 3352; x_wconf 92' lang='lat' dir='ltr'>in</span> <span class='ocrx_word' id='word_1_382' title='bbox 1234 3289 1395 3368; x_wconf 88' lang='lat' dir='ltr'>horologio</span> <span class='ocrx_word' id='word_1_383' title='bbox 1416 3289 1454 3362; x_wconf 83' lang='lat' dir='ltr'>A,</span> <span class='ocrx_word' id='word_1_384' title='bbox 1479 3285 1505 3345; x_wconf 92' lang='lat' dir='ltr'>si</span> <span class='ocrx_word' id='word_1_385' title='bbox 1519 3301 1631 3344; x_wconf 90' lang='lat' dir='ltr'>secun-</span> 
     </span>
     <span class='ocr_line' id='line_1_32' title="bbox 51 3375 1632 3468; baseline -0.006 -23"><span class='ocrx_word' id='word_1_386' title='bbox 51 3381 84 3441; x_wconf 88' lang='lat' dir='ltr'>ab</span> <span class='ocrx_word' id='word_1_387' title='bbox 96 3385 171 3462; x_wconf 89' lang='lat' dir='ltr'>aliis,</span> <span class='ocrx_word' id='word_1_388' title='bbox 191 3406 263 3468; x_wconf 81' lang='lat' dir='ltr'>quae</span> <span class='ocrx_word' id='word_1_389' title='bbox 278 3387 424 3467; x_wconf 86' lang='lat' dir='ltr'>probaret</span> <span class='ocrx_word' id='word_1_390' title='bbox 441 3389 628 3468; x_wconf 87' lang='lat' dir='ltr'>oppositum,</span> <span class='ocrx_word' id='word_1_391' title='bbox 643 3393 711 3448; x_wconf 90' lang='lat' dir='ltr'>tum</span> <span class='ocrx_word' id='word_1_392' title='bbox 729 3388 815 3450; x_wconf 89' lang='lat' dir='ltr'>enim</span> <span class='ocrx_word' id='word_1_393' title='bbox 863 3393 940 3454; x_wconf 88' lang='lat' dir='ltr'>dum</span> <span class='ocrx_word' id='word_1_394' title='bbox 952 3391 1012 3450; x_wconf 89' lang='lat' dir='ltr'>hoc</span> <span class='ocrx_word' id='word_1_395' title='bbox 1027 3387 1118 3449; x_wconf 89' lang='lat' dir='ltr'>vellet</span> <span class='ocrx_word' id='word_1_396' title='bbox 1132 3403 1163 3448; x_wconf 88' lang='lat' dir='ltr'>se</span> <span class='ocrx_word' id='word_1_397' title='bbox 1175 3383 1318 3462; x_wconf 87' lang='lat' dir='ltr'>dirigere,</span> <span class='ocrx_word' id='word_1_398' title='bbox 1341 3386 1372 3441; x_wconf 89' lang='lat' dir='ltr'>et</span> <span class='ocrx_word' id='word_1_399' title='bbox 1384 3377 1534 3458; x_wconf 77' lang='lat' dir='ltr'>judicare,</span> <span class='ocrx_word' id='word_1_400' title='bbox 1549 3375 1632 3455; x_wconf 91' lang='lat' dir='ltr'>quod</span> 
     </span>
     <span class='ocr_line' id='line_1_33' title="bbox 49 3468 1633 3559; baseline -0.006 -23"><span class='ocrx_word' id='word_1_401' title='bbox 49 3479 200 3540; x_wconf 88' lang='lat' dir='ltr'>teneretur</span> <span class='ocrx_word' id='word_1_402' title='bbox 226 3479 326 3559; x_wconf 90' lang='lat' dir='ltr'>magis</span> <span class='ocrx_word' id='word_1_403' title='bbox 349 3480 517 3559; x_wconf 88' lang='lat' dir='ltr'>inquirere,</span> <span class='ocrx_word' id='word_1_404' title='bbox 534 3485 566 3541; x_wconf 88' lang='lat' dir='ltr'>et</span> <span class='ocrx_word' id='word_1_405' title='bbox 587 3481 815 3544; x_wconf 88' lang='lat' dir='ltr'>rationesintar</span> <span class='ocrx_word' id='word_1_406' title='bbox 863 3482 1020 3545; x_wconf 86' lang='lat' dir='ltr'>transierit</span> <span class='ocrx_word' id='word_1_407' title='bbox 1038 3478 1230 3551; x_wconf 88' lang='lat' dir='ltr'>duodecima,</span> <span class='ocrx_word' id='word_1_408' title='bbox 1252 3475 1390 3552; x_wconf 87' lang='lat' dir='ltr'>adeoque</span> <span class='ocrx_word' id='word_1_409' title='bbox 1413 3489 1477 3531; x_wconf 92' lang='lat' dir='ltr'>non</span> <span class='ocrx_word' id='word_1_410' title='bbox 1499 3468 1633 3548; x_wconf 86' lang='lat' dir='ltr'>amplius</span> 
     </span>
     <span class='ocr_line' id='line_1_34' title="bbox 49 3561 1629 3655; baseline -0.003 -28"><span class='ocrx_word' id='word_1_411' title='bbox 49 3583 76 3626; x_wconf 89' lang='lat' dir='ltr'>se</span> <span class='ocrx_word' id='word_1_412' title='bbox 88 3571 240 3648; x_wconf 81' lang='lat' dir='ltr'>conferre,</span> <span class='ocrx_word' id='word_1_413' title='bbox 260 3591 296 3632; x_wconf 90' lang='lat' dir='ltr'>ao</span> <span class='ocrx_word' id='word_1_414' title='bbox 305 3572 421 3648; x_wconf 89' lang='lat' dir='ltr'>videre,</span> <span class='ocrx_word' id='word_1_415' title='bbox 438 3591 478 3633; x_wconf 86' lang='lat' dir='ltr'>an</span> <span class='ocrx_word' id='word_1_416' title='bbox 489 3572 596 3652; x_wconf 90' lang='lat' dir='ltr'>opinio</span> <span class='ocrx_word' id='word_1_417' title='bbox 609 3579 732 3634; x_wconf 88' lang='lat' dir='ltr'>maneat</span> <span class='ocrx_word' id='word_1_418' title='bbox 746 3593 815 3653; x_wconf 90' lang='lat' dir='ltr'>pro-</span> <span class='ocrx_word' id='word_1_419' title='bbox 863 3576 1114 3655; x_wconf 87' lang='lat' dir='ltr'>obligeturorare</span> <span class='ocrx_word' id='word_1_420' title='bbox 1124 3571 1284 3649; x_wconf 87' lang='lat' dir='ltr'>Vesperes,</span> <span class='ocrx_word' id='word_1_421' title='bbox 1293 3565 1445 3646; x_wconf 88' lang='lat' dir='ltr'>patethoo</span> <span class='ocrx_word' id='word_1_422' title='bbox 1454 3581 1518 3624; x_wconf 92' lang='lat' dir='ltr'>uon</span> <span class='ocrx_word' id='word_1_423' title='bbox 1526 3561 1629 3630; x_wconf 90' lang='lat' dir='ltr'>licere,</span> 
     </span>
     <span class='ocr_line' id='line_1_35' title="bbox 47 3653 1632 3749; baseline -0.006 -27"><span class='ocrx_word' id='word_1_424' title='bbox 47 3657 177 3724; x_wconf 88' lang='lat' dir='ltr'>babilis:</span> <span class='ocrx_word' id='word_1_425' title='bbox 209 3665 276 3724; x_wconf 92' lang='lat' dir='ltr'>imo</span> <span class='ocrx_word' id='word_1_426' title='bbox 301 3663 443 3743; x_wconf 87' lang='lat' dir='ltr'>quamvis</span> <span class='ocrx_word' id='word_1_427' title='bbox 469 3664 631 3725; x_wconf 84' lang='lat' dir='ltr'>admittam</span> <span class='ocrx_word' id='word_1_428' title='bbox 653 3665 814 3728; x_wconf 87' lang='lat' dir='ltr'>hominem</span> <span class='ocrx_word' id='word_1_429' title='bbox 862 3669 936 3749; x_wconf 92' lang='lat' dir='ltr'>quia</span> <span class='ocrx_word' id='word_1_430' title='bbox 955 3668 1006 3727; x_wconf 87' lang='lat' dir='ltr'>lex</span> <span class='ocrx_word' id='word_1_431' title='bbox 1023 3666 1061 3726; x_wconf 89' lang='lat' dir='ltr'>de</span> <span class='ocrx_word' id='word_1_432' title='bbox 1076 3662 1200 3724; x_wconf 87' lang='lat' dir='ltr'>orandis</span> <span class='ocrx_word' id='word_1_433' title='bbox 1221 3659 1312 3720; x_wconf 90' lang='lat' dir='ltr'>Horis</span> <span class='ocrx_word' id='word_1_434' title='bbox 1325 3662 1371 3718; x_wconf 86' lang='lat' dir='ltr'>est</span> <span class='ocrx_word' id='word_1_435' title='bbox 1389 3662 1481 3726; x_wconf 89' lang='lat' dir='ltr'>certa,</span> <span class='ocrx_word' id='word_1_436' title='bbox 1505 3659 1536 3715; x_wconf 89' lang='lat' dir='ltr'>et</span> <span class='ocrx_word' id='word_1_437' title='bbox 1549 3653 1632 3714; x_wconf 91' lang='lat' dir='ltr'>illius</span> 
     </span>
     <span class='ocr_line' id='line_1_36' title="bbox 46 3747 1631 3841; baseline -0.006 -28"><span class='ocrx_word' id='word_1_438' title='bbox 46 3750 198 3816; x_wconf 88' lang='lat' dir='ltr'>indoctum</span> <span class='ocrx_word' id='word_1_439' title='bbox 236 3773 324 3836; x_wconf 87' lang='lat' dir='ltr'>posse</span> <span class='ocrx_word' id='word_1_440' title='bbox 358 3761 425 3817; x_wconf 87' lang='lat' dir='ltr'>tuto</span> <span class='ocrx_word' id='word_1_441' title='bbox 457 3757 632 3836; x_wconf 86' lang='lat' dir='ltr'>procedere,</span> <span class='ocrx_word' id='word_1_442' title='bbox 654 3757 713 3818; x_wconf 89' lang='lat' dir='ltr'>hoo</span> <span class='ocrx_word' id='word_1_443' title='bbox 733 3758 810 3838; x_wconf 87' lang='lat' dir='ltr'>ipso,</span> <span class='ocrx_word' id='word_1_444' title='bbox 862 3760 1000 3841; x_wconf 86' lang='lat' dir='ltr'>impletio</span> <span class='ocrx_word' id='word_1_445' title='bbox 1017 3755 1186 3837; x_wconf 89' lang='lat' dir='ltr'>impeditur</span> <span class='ocrx_word' id='word_1_446' title='bbox 1205 3749 1389 3812; x_wconf 86' lang='lat' dir='ltr'>assumendo</span> <span class='ocrx_word' id='word_1_447' title='bbox 1408 3747 1538 3807; x_wconf 85' lang='lat' dir='ltr'>alteram</span> <span class='ocrx_word' id='word_1_448' title='bbox 1559 3763 1631 3824; x_wconf 89' lang='lat' dir='ltr'>par-</span> 
     </span>
     <span class='ocr_line' id='line_1_37' title="bbox 45 3836 1631 3932; baseline -0.004 -28"><span class='ocrx_word' id='word_1_449' title='bbox 45 3847 120 3922; x_wconf 90' lang='lat' dir='ltr'>quod</span> <span class='ocrx_word' id='word_1_450' title='bbox 144 3848 227 3909; x_wconf 88' lang='lat' dir='ltr'>sciat</span> <span class='ocrx_word' id='word_1_451' title='bbox 249 3848 430 3927; x_wconf 88' lang='lat' dir='ltr'>opinionem</span> <span class='ocrx_word' id='word_1_452' title='bbox 453 3849 546 3909; x_wconf 90' lang='lat' dir='ltr'>etiam</span> <span class='ocrx_word' id='word_1_453' title='bbox 567 3867 651 3910; x_wconf 89' lang='lat' dir='ltr'>nunc</span> <span class='ocrx_word' id='word_1_454' title='bbox 671 3850 813 3911; x_wconf 90' lang='lat' dir='ltr'>dooeria</span> <span class='ocrx_word' id='word_1_455' title='bbox 861 3859 925 3914; x_wconf 85' lang='lat' dir='ltr'>tem</span> <span class='ocrx_word' id='word_1_456' title='bbox 949 3848 1151 3932; x_wconf 84' lang='lat' dir='ltr'>probabilem.</span> <span class='ocrx_word' id='word_1_457' title='bbox 1181 3845 1266 3906; x_wconf 86' lang='lat' dir='ltr'>ldem</span> <span class='ocrx_word' id='word_1_458' title='bbox 1293 3847 1349 3917; x_wconf 82' lang='lat' dir='ltr'>est,</span> <span class='ocrx_word' id='word_1_459' title='bbox 1379 3837 1477 3900; x_wconf 85' lang='lat' dir='ltr'>sidia</span> <span class='ocrx_word' id='word_1_460' title='bbox 1505 3836 1631 3898; x_wconf 90' lang='lat' dir='ltr'>Sabbati</span> 
     </span>
     <span class='ocr_line' id='line_1_38' title="bbox 46 3929 1630 4020; baseline -0.004 -24"><span class='ocrx_word' id='word_1_461' title='bbox 46 3936 112 3998; x_wconf 86' lang='lat' dir='ltr'>riris</span> <span class='ocrx_word' id='word_1_462' title='bbox 129 3940 251 4018; x_wconf 86' lang='lat' dir='ltr'>probis,</span> <span class='ocrx_word' id='word_1_463' title='bbox 277 3945 308 4000; x_wconf 90' lang='lat' dir='ltr'>et</span> <span class='ocrx_word' id='word_1_464' title='bbox 324 3940 433 4015; x_wconf 87' lang='lat' dir='ltr'>doctis,</span> <span class='ocrx_word' id='word_1_465' title='bbox 456 3941 551 4002; x_wconf 92' lang='lat' dir='ltr'>homo</span> <span class='ocrx_word' id='word_1_466' title='bbox 568 3947 675 4003; x_wconf 87' lang='lat' dir='ltr'>tamen</span> <span class='ocrx_word' id='word_1_467' title='bbox 693 3942 810 4020; x_wconf 88' lang='lat' dir='ltr'>doctus,</span> <span class='ocrx_word' id='word_1_468' title='bbox 862 3945 968 4006; x_wconf 86' lang='lat' dir='ltr'>audite</span> <span class='ocrx_word' id='word_1_469' title='bbox 987 3943 1021 4002; x_wconf 92' lang='lat' dir='ltr'>in</span> <span class='ocrx_word' id='word_1_470' title='bbox 1043 3957 1107 4001; x_wconf 88' lang='lat' dir='ltr'>uno</span> <span class='ocrx_word' id='word_1_471' title='bbox 1128 3935 1289 4015; x_wconf 90' lang='lat' dir='ltr'>horologio</span> <span class='ocrx_word' id='word_1_472' title='bbox 1315 3937 1364 3996; x_wconf 71' lang='grc'>49.</span> <span class='ocrx_word' id='word_1_473' title='bbox 1394 3929 1535 3992; x_wconf 88' lang='lat' dir='ltr'>comedas</span> <span class='ocrx_word' id='word_1_474' title='bbox 1563 3947 1630 3990; x_wconf 85' lang='lat' dir='ltr'>car-</span> 
     </span>
     <span class='ocr_line' id='line_1_39' title="bbox 43 4022 1629 4114; baseline -0.007 -22"><span class='ocrx_word' id='word_1_475' title='bbox 43 4029 92 4106; x_wconf 84' lang='lat' dir='ltr'>qui</span> <span class='ocrx_word' id='word_1_476' title='bbox 113 4038 220 4111; x_wconf 86' lang='lat' dir='ltr'>potest</span> <span class='ocrx_word' id='word_1_477' title='bbox 247 4033 426 4094; x_wconf 85' lang='lat' dir='ltr'>examinare</span> <span class='ocrx_word' id='word_1_478' title='bbox 453 4034 588 4094; x_wconf 87' lang='lat' dir='ltr'>rationes</span> <span class='ocrx_word' id='word_1_479' title='bbox 619 4035 810 4112; x_wconf 76' lang='lat' dir='ltr'>intrinsecas,</span> <span class='ocrx_word' id='word_1_480' title='bbox 862 4055 929 4114; x_wconf 84' lang='lat' dir='ltr'>nes,</span> <span class='ocrx_word' id='word_1_481' title='bbox 956 4041 987 4096; x_wconf 88' lang='lat' dir='ltr'>et</span> <span class='ocrx_word' id='word_1_482' title='bbox 1008 4033 1081 4114; x_wconf 91' lang='lat' dir='ltr'>quia</span> <span class='ocrx_word' id='word_1_483' title='bbox 1105 4032 1138 4092; x_wconf 89' lang='lat' dir='ltr'>in</span> <span class='ocrx_word' id='word_1_484' title='bbox 1164 4030 1260 4090; x_wconf 85' lang='lat' dir='ltr'>altero</span> <span class='ocrx_word' id='word_1_485' title='bbox 1288 4026 1420 4087; x_wconf 87' lang='lat' dir='ltr'>necdum</span> <span class='ocrx_word' id='word_1_486' title='bbox 1447 4022 1552 4083; x_wconf 88' lang='lat' dir='ltr'>audita</span> <span class='ocrx_word' id='word_1_487' title='bbox 1573 4027 1629 4098; x_wconf 88' lang='lat' dir='ltr'>est;</span> 
     </span>
     <span class='ocr_line' id='line_1_40' title="bbox 42 4115 1630 4206; baseline -0.002 -28"><span class='ocrx_word' id='word_1_488' title='bbox 42 4137 101 4182; x_wconf 93' lang='lat' dir='ltr'>non</span> <span class='ocrx_word' id='word_1_489' title='bbox 113 4123 244 4186; x_wconf 82' lang='lat' dir='ltr'>ridetur</span> <span class='ocrx_word' id='word_1_490' title='bbox 260 4130 329 4186; x_wconf 86' lang='lat' dir='ltr'>tuto</span> <span class='ocrx_word' id='word_1_491' title='bbox 340 4143 428 4206; x_wconf 88' lang='lat' dir='ltr'>posse</span> <span class='ocrx_word' id='word_1_492' title='bbox 439 4126 616 4206; x_wconf 85' lang='lat' dir='ltr'>proaedere,</span> <span class='ocrx_word' id='word_1_493' title='bbox 631 4127 813 4190; x_wconf 86' lang='lat' dir='ltr'>nisierami-</span> <span class='ocrx_word' id='word_1_494' title='bbox 861 4129 931 4190; x_wconf 88' lang='lat' dir='ltr'>ideo</span> <span class='ocrx_word' id='word_1_495' title='bbox 953 4125 1029 4188; x_wconf 82' lang='lat' dir='ltr'>velis</span> <span class='ocrx_word' id='word_1_496' title='bbox 1049 4131 1078 4185; x_wconf 88' lang='lat' dir='ltr'>te</span> <span class='ocrx_word' id='word_1_497' title='bbox 1098 4127 1241 4203; x_wconf 87' lang='lat' dir='ltr'>reputare</span> <span class='ocrx_word' id='word_1_498' title='bbox 1256 4119 1412 4198; x_wconf 86' lang='lat' dir='ltr'>jejunum,</span> <span class='ocrx_word' id='word_1_499' title='bbox 1429 4121 1460 4175; x_wconf 91' lang='lat' dir='ltr'>et</span> <span class='ocrx_word' id='word_1_500' title='bbox 1473 4115 1506 4175; x_wconf 93' lang='lat' dir='ltr'>in</span> <span class='ocrx_word' id='word_1_501' title='bbox 1523 4115 1630 4176; x_wconf 90' lang='lat' dir='ltr'>Domi-</span> 
     </span>
     <span class='ocr_line' id='line_1_41' title="bbox 41 4206 1630 4299; baseline -0.003 -26"><span class='ocrx_word' id='word_1_502' title='bbox 41 4219 89 4273; x_wconf 90' lang='lat' dir='ltr'>net</span> <span class='ocrx_word' id='word_1_503' title='bbox 107 4214 189 4289; x_wconf 82' lang='lat' dir='ltr'>ibas,</span> <span class='ocrx_word' id='word_1_504' title='bbox 214 4216 264 4277; x_wconf 84' lang='lat' dir='ltr'>rel</span> <span class='ocrx_word' id='word_1_505' title='bbox 283 4217 451 4296; x_wconf 88' lang='lat' dir='ltr'>prudenter</span> <span class='ocrx_word' id='word_1_506' title='bbox 472 4225 640 4299; x_wconf 77' lang='lat' dir='ltr'>prasumat</span> <span class='ocrx_word' id='word_1_507' title='bbox 660 4221 752 4282; x_wconf 88' lang='lat' dir='ltr'>etiam</span> <span class='ocrx_word' id='word_1_508' title='bbox 779 4222 811 4282; x_wconf 91' lang='lat' dir='ltr'>in</span> <span class='ocrx_word' id='word_1_509' title='bbox 862 4222 932 4283; x_wconf 81' lang='lat' dir='ltr'>nica</span> <span class='ocrx_word' id='word_1_510' title='bbox 950 4216 1190 4288; x_wconf 86' lang='lat' dir='ltr'>communicare,</span> <span class='ocrx_word' id='word_1_511' title='bbox 1213 4229 1284 4274; x_wconf 87' lang='lat' dir='ltr'>oum</span> <span class='ocrx_word' id='word_1_512' title='bbox 1299 4211 1384 4272; x_wconf 89' lang='lat' dir='ltr'>enim</span> <span class='ocrx_word' id='word_1_513' title='bbox 1398 4213 1516 4270; x_wconf 86' lang='lat' dir='ltr'>eertum</span> <span class='ocrx_word' id='word_1_514' title='bbox 1530 4207 1569 4268; x_wconf 88' lang='lat' dir='ltr'>sit</span> <span class='ocrx_word' id='word_1_515' title='bbox 1582 4206 1630 4268; x_wconf 88' lang='lat' dir='ltr'>al-</span> 
     </span>
     <span class='ocr_line' id='line_1_42' title="bbox 40 4301 1632 4385; baseline -0.004 -19"><span class='ocrx_word' id='word_1_516' title='bbox 40 4301 94 4366; x_wconf 87' lang='lat' dir='ltr'>hac</span> <span class='ocrx_word' id='word_1_517' title='bbox 114 4308 251 4369; x_wconf 84' lang='lat' dir='ltr'>materie</span> <span class='ocrx_word' id='word_1_518' title='bbox 278 4308 317 4369; x_wconf 89' lang='lat' dir='ltr'>ab</span> <span class='ocrx_word' id='word_1_519' title='bbox 345 4309 405 4370; x_wconf 91' lang='lat' dir='ltr'>illis</span> <span class='ocrx_word' id='word_1_520' title='bbox 428 4310 496 4371; x_wconf 90' lang='lat' dir='ltr'>aliis</span> <span class='ocrx_word' id='word_1_521' title='bbox 519 4311 708 4373; x_wconf 81' lang='lat' dir='ltr'>examinatas</span> <span class='ocrx_word' id='word_1_522' title='bbox 733 4331 809 4375; x_wconf 85' lang='lat' dir='ltr'>esse.</span> <span class='ocrx_word' id='word_1_523' title='bbox 860 4319 1016 4376; x_wconf 82' lang='lat' dir='ltr'>taratrum</span> <span class='ocrx_word' id='word_1_524' title='bbox 1028 4308 1225 4385; x_wconf 80' lang='lat' dir='ltr'>horologium</span> <span class='ocrx_word' id='word_1_525' title='bbox 1239 4304 1449 4380; x_wconf 86' lang='lat' dir='ltr'>errare,etiam</span> <span class='ocrx_word' id='word_1_526' title='bbox 1458 4306 1577 4362; x_wconf 89' lang='lat' dir='ltr'>certum</span> <span class='ocrx_word' id='word_1_527' title='bbox 1586 4305 1632 4361; x_wconf 87' lang='lat' dir='ltr'>est</span> 
     </span>
     <span class='ocr_line' id='line_1_43' title="bbox 39 4393 1631 4483; baseline 0.007 -23"><span class='ocrx_word' id='word_1_528' title='bbox 39 4397 128 4461; x_wconf 80' lang='lat' dir='ltr'>Retio</span> <span class='ocrx_word' id='word_1_529' title='bbox 141 4407 204 4477; x_wconf 85' lang='lat' dir='ltr'>est,</span> <span class='ocrx_word' id='word_1_530' title='bbox 221 4402 297 4481; x_wconf 86' lang='lat' dir='ltr'>quia</span> <span class='ocrx_word' id='word_1_531' title='bbox 309 4402 359 4464; x_wconf 85' lang='lat' dir='ltr'>hio</span> <span class='ocrx_word' id='word_1_532' title='bbox 378 4408 479 4482; x_wconf 87' lang='lat' dir='ltr'>potest</span> <span class='ocrx_word' id='word_1_533' title='bbox 501 4406 688 4482; x_wconf 81' lang='lat' dir='ltr'>examinare,</span> <span class='ocrx_word' id='word_1_534' title='bbox 706 4411 737 4466; x_wconf 90' lang='lat' dir='ltr'>et</span> <span class='ocrx_word' id='word_1_535' title='bbox 750 4406 810 4468; x_wconf 91' lang='lat' dir='ltr'>dis·</span> <span class='ocrx_word' id='word_1_536' title='bbox 861 4413 893 4468; x_wconf 90' lang='lat' dir='ltr'>te</span> <span class='ocrx_word' id='word_1_537' title='bbox 905 4423 1007 4467; x_wconf 77' lang='lat' dir='ltr'>uncam</span> <span class='ocrx_word' id='word_1_538' title='bbox 1019 4406 1208 4483; x_wconf 85' lang='lat' dir='ltr'>praecaptum</span> <span class='ocrx_word' id='word_1_539' title='bbox 1222 4395 1406 4475; x_wconf 64' lang='lat' dir='ltr'>transgredi,</span> <span class='ocrx_word' id='word_1_540' title='bbox 1420 4393 1631 4456; x_wconf 63' lang='lat' dir='ltr'>Vfllflbsllssess·</span> 
     </span>
     <span class='ocr_line' id='line_1_44' title="bbox 39 4486 1629 4574; baseline -0.002 -24"><span class='ocrx_word' id='word_1_541' title='bbox 39 4496 151 4568; x_wconf 88' lang='lat' dir='ltr'>catere,</span> <span class='ocrx_word' id='word_1_542' title='bbox 178 4492 258 4573; x_wconf 90' lang='lat' dir='ltr'>quid</span> <span class='ocrx_word' id='word_1_543' title='bbox 281 4494 316 4554; x_wconf 91' lang='lat' dir='ltr'>in</span> <span class='ocrx_word' id='word_1_544' title='bbox 342 4512 376 4555; x_wconf 87' lang='lat' dir='ltr'>re</span> <span class='ocrx_word' id='word_1_545' title='bbox 399 4495 539 4556; x_wconf 85' lang='lat' dir='ltr'>videatur</span> <span class='ocrx_word' id='word_1_546' title='bbox 557 4515 667 4558; x_wconf 84' lang='lat' dir='ltr'>verum</span> <span class='ocrx_word' id='word_1_547' title='bbox 695 4516 809 4574; x_wconf 85' lang='lat' dir='ltr'>necne;</span> <span class='ocrx_word' id='word_1_548' title='bbox 861 4500 912 4560; x_wconf 81' lang='lat' dir='ltr'>tia</span> <span class='ocrx_word' id='word_1_549' title='bbox 928 4495 1112 4567; x_wconf 86' lang='lat' dir='ltr'>aaarnibus,</span> <span class='ocrx_word' id='word_1_550' title='bbox 1129 4492 1178 4553; x_wconf 91' lang='lat' dir='ltr'>vel</span> <span class='ocrx_word' id='word_1_551' title='bbox 1194 4489 1306 4571; x_wconf 86' lang='lat' dir='ltr'>jejunii</span> <span class='ocrx_word' id='word_1_552' title='bbox 1320 4507 1377 4568; x_wconf 88' lang='lat' dir='ltr'>pro</span> <span class='ocrx_word' id='word_1_553' title='bbox 1390 4486 1629 4561; x_wconf 87' lang='lat' dir='ltr'>Communione,</span> 
     </span>
     <span class='ocr_line' id='line_1_45' title="bbox 37 4578 1630 4671; baseline -0.004 -27"><span class='ocrx_word' id='word_1_554' title='bbox 37 4586 148 4663; x_wconf 86' lang='lat' dir='ltr'>ergosi</span> <span class='ocrx_word' id='word_1_555' title='bbox 170 4604 241 4647; x_wconf 89' lang='lat' dir='ltr'>non</span> <span class='ocrx_word' id='word_1_556' title='bbox 258 4585 340 4662; x_wconf 82' lang='lat' dir='ltr'>facit,</span> <span class='ocrx_word' id='word_1_557' title='bbox 357 4593 388 4648; x_wconf 89' lang='lat' dir='ltr'>et</span> <span class='ocrx_word' id='word_1_558' title='bbox 406 4586 483 4649; x_wconf 81' lang='lat' dir='ltr'>forte</span> <span class='ocrx_word' id='word_1_559' title='bbox 496 4594 587 4666; x_wconf 88' lang='lat' dir='ltr'>erret,</span> <span class='ocrx_word' id='word_1_560' title='bbox 613 4595 695 4652; x_wconf 88' lang='lat' dir='ltr'>errat</span> <span class='ocrx_word' id='word_1_561' title='bbox 708 4609 812 4654; x_wconf 88' lang='lat' dir='ltr'>errore</span> <span class='ocrx_word' id='word_1_562' title='bbox 862 4610 935 4671; x_wconf 88' lang='lat' dir='ltr'>ergo</span> <span class='ocrx_word' id='word_1_563' title='bbox 949 4591 983 4650; x_wconf 88' lang='lat' dir='ltr'>id</span> <span class='ocrx_word' id='word_1_564' title='bbox 996 4607 1061 4650; x_wconf 94' lang='lat' dir='ltr'>non</span> <span class='ocrx_word' id='word_1_565' title='bbox 1084 4592 1130 4648; x_wconf 87' lang='lat' dir='ltr'>est</span> <span class='ocrx_word' id='word_1_566' title='bbox 1147 4584 1291 4645; x_wconf 88' lang='lat' dir='ltr'>licitum:</span> <span class='ocrx_word' id='word_1_567' title='bbox 1307 4586 1445 4642; x_wconf 88' lang='lat' dir='ltr'>econtra</span> <span class='ocrx_word' id='word_1_568' title='bbox 1465 4578 1630 4656; x_wconf 83' lang='lat' dir='ltr'>silex,vel</span> 
     </span>
     <span class='ocr_line' id='line_1_46' title="bbox 36 4675 1631 4764; baseline -0.003 -28"><span class='ocrx_word' id='word_1_569' title='bbox 36 4675 190 4755; x_wconf 81' lang='lat' dir='ltr'>vincibili,</span> <span class='ocrx_word' id='word_1_570' title='bbox 212 4684 244 4739; x_wconf 90' lang='lat' dir='ltr'>et</span> <span class='ocrx_word' id='word_1_571' title='bbox 264 4679 418 4759; x_wconf 81' lang='lat' dir='ltr'>culpabili,</span> <span class='ocrx_word' id='word_1_572' title='bbox 439 4699 513 4760; x_wconf 84' lang='lat' dir='ltr'>ergo</span> <span class='ocrx_word' id='word_1_573' title='bbox 540 4699 605 4742; x_wconf 90' lang='lat' dir='ltr'>non</span> <span class='ocrx_word' id='word_1_574' title='bbox 623 4689 809 4746; x_wconf 83' lang='lat' dir='ltr'>excusatur:</span> <span class='ocrx_word' id='word_1_575' title='bbox 861 4685 926 4764; x_wconf 85' lang='lat' dir='ltr'>ejus</span> <span class='ocrx_word' id='word_1_576' title='bbox 953 4681 1099 4760; x_wconf 89' lang='lat' dir='ltr'>obligatio</span> <span class='ocrx_word' id='word_1_577' title='bbox 1120 4695 1185 4739; x_wconf 88' lang='lat' dir='ltr'>non</span> <span class='ocrx_word' id='word_1_578' title='bbox 1208 4677 1247 4736; x_wconf 89' lang='lat' dir='ltr'>sit</span> <span class='ocrx_word' id='word_1_579' title='bbox 1269 4679 1363 4751; x_wconf 88' lang='lat' dir='ltr'>certa,</span> <span class='ocrx_word' id='word_1_580' title='bbox 1392 4679 1447 4734; x_wconf 91' lang='lat' dir='ltr'>aut</span> <span class='ocrx_word' id='word_1_581' title='bbox 1473 4676 1631 4751; x_wconf 84' lang='lat' dir='ltr'>assumpta</span> 
     </span>
     <span class='ocr_line' id='line_1_47' title="bbox 34 4764 1628 4854; baseline -0.003 -26"><span class='ocrx_word' id='word_1_582' title='bbox 34 4765 105 4831; x_wconf 88' lang='lat' dir='ltr'>binc</span> <span class='ocrx_word' id='word_1_583' title='bbox 117 4770 232 4832; x_wconf 89' lang='lat' dir='ltr'>Terill.</span> <span class='ocrx_word' id='word_1_584' title='bbox 250 4771 279 4831; x_wconf 81' lang='lat' dir='ltr'>in</span> <span class='ocrx_word' id='word_1_585' title='bbox 295 4771 367 4852; x_wconf 77' lang='lat' dir='ltr'>Rep.</span> <span class='ocrx_word' id='word_1_586' title='bbox 386 4792 415 4854; x_wconf 88' lang='lat' dir='ltr'>q.</span> <span class='ocrx_word' id='word_1_587' title='bbox 431 4775 482 4835; x_wconf 77' lang='grc'>29.</span> <span class='ocrx_word' id='word_1_588' title='bbox 497 4793 528 4835; x_wconf 82' lang='lat' dir='ltr'>a.</span> <span class='ocrx_word' id='word_1_589' title='bbox 544 4777 593 4836; x_wconf 92' lang='grc'>90.</span> <span class='ocrx_word' id='word_1_590' title='bbox 610 4781 691 4837; x_wconf 86' lang='lat' dir='ltr'>recte</span> <span class='ocrx_word' id='word_1_591' title='bbox 705 4777 759 4837; x_wconf 89' lang='lat' dir='ltr'>ait.</span> <span class='ocrx_word' id='word_1_592' title='bbox 776 4776 812 4840; x_wconf 86' lang='lat' dir='ltr'>Si</span> <span class='ocrx_word' id='word_1_593' title='bbox 861 4777 957 4839; x_wconf 85' lang='lat' dir='ltr'>altera</span> <span class='ocrx_word' id='word_1_594' title='bbox 982 4773 1127 4854; x_wconf 90' lang='lat' dir='ltr'>opinione</span> <span class='ocrx_word' id='word_1_595' title='bbox 1144 4769 1238 4850; x_wconf 89' lang='lat' dir='ltr'>possit</span> <span class='ocrx_word' id='word_1_596' title='bbox 1263 4765 1465 4828; x_wconf 89' lang='lat' dir='ltr'>nihilominus</span> <span class='ocrx_word' id='word_1_597' title='bbox 1479 4764 1530 4825; x_wconf 81' lang='lat' dir='ltr'>les</span> <span class='ocrx_word' id='word_1_598' title='bbox 1544 4769 1628 4825; x_wconf 88' lang='lat' dir='ltr'>utra-</span> 
     </span>
     <span class='ocr_line' id='line_1_48' title="bbox 33 4858 1630 4950; baseline -0.003 -28"><span class='ocrx_word' id='word_1_599' title='bbox 33 4878 88 4922; x_wconf 85' lang='lat' dir='ltr'>aon</span> <span class='ocrx_word' id='word_1_600' title='bbox 101 4861 194 4924; x_wconf 83' lang='lat' dir='ltr'>valde</span> <span class='ocrx_word' id='word_1_601' title='bbox 201 4861 289 4924; x_wconf 84' lang='lat' dir='ltr'>docto</span> <span class='ocrx_word' id='word_1_602' title='bbox 302 4863 395 4925; x_wconf 82' lang='lat' dir='ltr'>solum</span> <span class='ocrx_word' id='word_1_603' title='bbox 409 4874 640 4946; x_wconf 77' lang='lat' dir='ltr'>repraesentetur,</span> <span class='ocrx_word' id='word_1_604' title='bbox 657 4868 811 4950; x_wconf 84' lang='lat' dir='ltr'>quodplu-</span> <span class='ocrx_word' id='word_1_605' title='bbox 861 4888 922 4949; x_wconf 89' lang='lat' dir='ltr'>que</span> <span class='ocrx_word' id='word_1_606' title='bbox 936 4867 1037 4929; x_wconf 86' lang='lat' dir='ltr'>adhuc</span> <span class='ocrx_word' id='word_1_607' title='bbox 1056 4861 1188 4944; x_wconf 83' lang='lat' dir='ltr'>impleri,</span> <span class='ocrx_word' id='word_1_608' title='bbox 1214 4861 1321 4922; x_wconf 89' lang='lat' dir='ltr'>dicunt</span> <span class='ocrx_word' id='word_1_609' title='bbox 1335 4858 1457 4919; x_wconf 86' lang='lat' dir='ltr'>licitum</span> <span class='ocrx_word' id='word_1_610' title='bbox 1480 4873 1545 4918; x_wconf 87' lang='lat' dir='ltr'>esse</span> <span class='ocrx_word' id='word_1_611' title='bbox 1559 4873 1630 4917; x_wconf 91' lang='lat' dir='ltr'>mu-</span> 
     </span>
     <span class='ocr_line' id='line_1_49' title="bbox 31 4949 1629 5039; baseline -0.003 -25"><span class='ocrx_word' id='word_1_612' title='bbox 31 4971 75 5014; x_wconf 80' lang='lat' dir='ltr'>res</span> <span class='ocrx_word' id='word_1_613' title='bbox 97 4961 225 5017; x_wconf 83' lang='lat' dir='ltr'>teneant</span> <span class='ocrx_word' id='word_1_614' title='bbox 245 4961 401 5037; x_wconf 85' lang='lat' dir='ltr'>atramque</span> <span class='ocrx_word' id='word_1_615' title='bbox 422 4964 536 5037; x_wconf 85' lang='lat' dir='ltr'>partem</span> <span class='ocrx_word' id='word_1_616' title='bbox 561 4958 808 5039; x_wconf 79' lang='lat' dir='ltr'>contradictionis,</span> <span class='ocrx_word' id='word_1_617' title='bbox 859 4967 976 5037; x_wconf 65' lang='lat' dir='ltr'>taran.</span> <span class='ocrx_word' id='word_1_618' title='bbox 989 4978 1019 5038; x_wconf 86' lang='lat' dir='ltr'>g.</span> <span class='ocrx_word' id='word_1_619' title='bbox 1033 4954 1227 5037; x_wconf 86' lang='lat' dir='ltr'>siprobabile</span> <span class='ocrx_word' id='word_1_620' title='bbox 1241 4954 1280 5014; x_wconf 87' lang='lat' dir='ltr'>sit</span> <span class='ocrx_word' id='word_1_621' title='bbox 1292 4950 1422 5028; x_wconf 75' lang='lat' dir='ltr'>veobgal</span> <span class='ocrx_word' id='word_1_622' title='bbox 1435 4967 1502 5010; x_wconf 88' lang='lat' dir='ltr'>esse</span> <span class='ocrx_word' id='word_1_623' title='bbox 1515 4949 1629 5026; x_wconf 88' lang='lat' dir='ltr'>injuste</span> 
     </span>
     <span class='ocr_line' id='line_1_50' title="bbox 32 5038 1629 5134; baseline -0.001 -29"><span class='ocrx_word' id='word_1_624' title='bbox 32 5063 86 5106; x_wconf 85' lang='lat' dir='ltr'>roa</span> <span class='ocrx_word' id='word_1_625' title='bbox 96 5045 185 5106; x_wconf 80' lang='lat' dir='ltr'>illico</span> <span class='ocrx_word' id='word_1_626' title='bbox 194 5052 278 5107; x_wconf 84' lang='lat' dir='ltr'>tatas</span> <span class='ocrx_word' id='word_1_627' title='bbox 287 5051 388 5121; x_wconf 81' lang='lat' dir='ltr'>crit‚si</span> <span class='ocrx_word' id='word_1_628' title='bbox 401 5053 640 5130; x_wconf 76' lang='lat' dir='ltr'>sectctarpartcm</span> <span class='ocrx_word' id='word_1_629' title='bbox 650 5053 748 5112; x_wconf 82' lang='lat' dir='ltr'>miuus</span> <span class='ocrx_word' id='word_1_630' title='bbox 763 5061 810 5114; x_wconf 89' lang='lat' dir='ltr'>ta·</span> <span class='ocrx_word' id='word_1_631' title='bbox 860 5053 1051 5134; x_wconf 90' lang='lat' dir='ltr'>impositum,</span> <span class='ocrx_word' id='word_1_632' title='bbox 1068 5057 1098 5110; x_wconf 87' lang='lat' dir='ltr'>et</span> <span class='ocrx_word' id='word_1_633' title='bbox 1111 5048 1205 5110; x_wconf 89' lang='lat' dir='ltr'>etiam</span> <span class='ocrx_word' id='word_1_634' title='bbox 1218 5044 1388 5126; x_wconf 87' lang='lat' dir='ltr'>probabile,</span> <span class='ocrx_word' id='word_1_635' title='bbox 1403 5041 1486 5122; x_wconf 91' lang='lat' dir='ltr'>qnod</span> <span class='ocrx_word' id='word_1_636' title='bbox 1499 5041 1538 5130; x_wconf 81' lang='lat' dir='ltr'>sit</span> <span class='ocrx_word' id='word_1_637' title='bbox 1546 5038 1629 5120; x_wconf 85' lang='lat' dir='ltr'>juste</span> 
     </span>
     <span class='ocr_line' id='line_1_51' title="bbox 30 5133 1631 5227; baseline 0 -31"><span class='ocrx_word' id='word_1_638' title='bbox 30 5144 102 5216; x_wconf 87' lang='lat' dir='ltr'>tam,</span> <span class='ocrx_word' id='word_1_639' title='bbox 127 5135 184 5199; x_wconf 81' lang='lat' dir='ltr'>sed</span> <span class='ocrx_word' id='word_1_640' title='bbox 208 5135 254 5198; x_wconf 86' lang='lat' dir='ltr'>acl</span> <span class='ocrx_word' id='word_1_641' title='bbox 266 5142 339 5199; x_wconf 80' lang='lat' dir='ltr'>scire</span> <span class='ocrx_word' id='word_1_642' title='bbox 360 5137 441 5200; x_wconf 82' lang='lat' dir='ltr'>debet</span> <span class='ocrx_word' id='word_1_643' title='bbox 458 5139 634 5222; x_wconf 82' lang='lat' dir='ltr'>qualitatem</span> <span class='ocrx_word' id='word_1_644' title='bbox 653 5144 811 5206; x_wconf 81' lang='lat' dir='ltr'>Doctorum</span> <span class='ocrx_word' id='word_1_645' title='bbox 859 5145 1050 5227; x_wconf 86' lang='lat' dir='ltr'>impositum,</span> <span class='ocrx_word' id='word_1_646' title='bbox 1071 5143 1096 5202; x_wconf 88' lang='lat' dir='ltr'>si</span> <span class='ocrx_word' id='word_1_647' title='bbox 1118 5140 1212 5202; x_wconf 86' lang='lat' dir='ltr'>simul</span> <span class='ocrx_word' id='word_1_648' title='bbox 1231 5139 1281 5215; x_wconf 87' lang='lat' dir='ltr'>sis,</span> <span class='ocrx_word' id='word_1_649' title='bbox 1304 5142 1334 5199; x_wconf 91' lang='lat' dir='ltr'>et</span> <span class='ocrx_word' id='word_1_650' title='bbox 1359 5139 1481 5197; x_wconf 83' lang='lat' dir='ltr'>exactor</span> <span class='ocrx_word' id='word_1_651' title='bbox 1501 5133 1631 5213; x_wconf 86' lang='lat' dir='ltr'>vestiga-</span> 
     </span>
     <span class='ocr_line' id='line_1_52' title="bbox 29 5227 1629 5318; baseline -0.001 -31"><span class='ocrx_word' id='word_1_652' title='bbox 29 5245 93 5291; x_wconf 82' lang='lat' dir='ltr'>eam</span> <span class='ocrx_word' id='word_1_653' title='bbox 109 5230 292 5306; x_wconf 80' lang='lat' dir='ltr'>tenentium,</span> <span class='ocrx_word' id='word_1_654' title='bbox 309 5236 345 5290; x_wconf 85' lang='lat' dir='ltr'>at</span> <span class='ocrx_word' id='word_1_655' title='bbox 363 5234 406 5290; x_wconf 79' lang='lat' dir='ltr'>sic</span> <span class='ocrx_word' id='word_1_656' title='bbox 419 5231 481 5293; x_wconf 80' lang='lat' dir='ltr'>ciac</span> <span class='ocrx_word' id='word_1_657' title='bbox 499 5233 637 5296; x_wconf 79' lang='lat' dir='ltr'>altembrt&#39;</span> <span class='ocrx_word' id='word_1_658' title='bbox 651 5235 809 5318; x_wconf 74' lang='lat' dir='ltr'>abvestr&#39;qa-</span> <span class='ocrx_word' id='word_1_659' title='bbox 859 5239 949 5306; x_wconf 79' lang='lat' dir='ltr'>lium,</span> <span class='ocrx_word' id='word_1_660' title='bbox 965 5243 996 5298; x_wconf 89' lang='lat' dir='ltr'>et</span> <span class='ocrx_word' id='word_1_661' title='bbox 1013 5238 1176 5309; x_wconf 85' lang='lat' dir='ltr'>mereator,</span> <span class='ocrx_word' id='word_1_662' title='bbox 1192 5232 1300 5293; x_wconf 91' lang='lat' dir='ltr'>dicunt</span> <span class='ocrx_word' id='word_1_663' title='bbox 1312 5235 1343 5290; x_wconf 88' lang='lat' dir='ltr'>te</span> <span class='ocrx_word' id='word_1_664' title='bbox 1357 5245 1445 5309; x_wconf 88' lang='lat' dir='ltr'>possa</span> <span class='ocrx_word' id='word_1_665' title='bbox 1458 5227 1516 5288; x_wconf 90' lang='lat' dir='ltr'>hoc</span> <span class='ocrx_word' id='word_1_666' title='bbox 1533 5227 1629 5286; x_wconf 88' lang='lat' dir='ltr'>vecti-</span> 
     </span>
     <span class='ocr_line' id='line_1_53' title="bbox 28 5317 1630 5410; baseline 0.001 -32"><span class='ocrx_word' id='word_1_667' title='bbox 28 5319 109 5382; x_wconf 84' lang='lat' dir='ltr'>tiaac</span> <span class='ocrx_word' id='word_1_668' title='bbox 122 5339 233 5383; x_wconf 71' lang='lat' dir='ltr'>eoram</span> <span class='ocrx_word' id='word_1_669' title='bbox 252 5321 425 5382; x_wconf 81' lang='lat' dir='ltr'>sententiam</span> <span class='ocrx_word' id='word_1_670' title='bbox 442 5327 475 5383; x_wconf 82' lang='lat' dir='ltr'>ia</span> <span class='ocrx_word' id='word_1_671' title='bbox 486 5327 664 5388; x_wconf 81' lang='lat' dir='ltr'>canscientia</span> <span class='ocrx_word' id='word_1_672' title='bbox 678 5328 809 5409; x_wconf 77' lang='lat' dir='ltr'>repetam</span> <span class='ocrx_word' id='word_1_673' title='bbox 860 5329 912 5410; x_wconf 86' lang='lat' dir='ltr'>gal</span> <span class='ocrx_word' id='word_1_674' title='bbox 921 5330 960 5390; x_wconf 83' lang='lat' dir='ltr'>ab</span> <span class='ocrx_word' id='word_1_675' title='bbox 974 5329 1042 5390; x_wconf 84' lang='lat' dir='ltr'>aliis</span> <span class='ocrx_word' id='word_1_676' title='bbox 1056 5327 1179 5406; x_wconf 83' lang='lat' dir='ltr'>exigere</span> <span class='ocrx_word' id='word_1_677' title='bbox 1192 5321 1376 5401; x_wconf 84' lang='lat' dir='ltr'>velutijuste</span> <span class='ocrx_word' id='word_1_678' title='bbox 1391 5317 1582 5399; x_wconf 90' lang='lat' dir='ltr'>impositum,</span> <span class='ocrx_word' id='word_1_679' title='bbox 1598 5325 1630 5380; x_wconf 88' lang='lat' dir='ltr'>et</span> 
     </span>
     <span class='ocr_line' id='line_1_54' title="bbox 28 5409 1627 5500; baseline -0.001 -30"><span class='ocrx_word' id='word_1_680' title='bbox 28 5409 110 5474; x_wconf 68' lang='lat' dir='ltr'>licite</span> <span class='ocrx_word' id='word_1_681' title='bbox 122 5413 273 5494; x_wconf 82' lang='lat' dir='ltr'>accipiat,</span> <span class='ocrx_word' id='word_1_682' title='bbox 287 5412 332 5474; x_wconf 85' lang='lat' dir='ltr'>uel</span> <span class='ocrx_word' id='word_1_683' title='bbox 342 5417 460 5494; x_wconf 74' lang='lat' dir='ltr'>ipsemet</span> <span class='ocrx_word' id='word_1_684' title='bbox 471 5417 614 5479; x_wconf 80' lang='lat' dir='ltr'>tenebitur</span> <span class='ocrx_word' id='word_1_685' title='bbox 624 5425 752 5482; x_wconf 81' lang='lat' dir='ltr'>rationes</span> <span class='ocrx_word' id='word_1_686' title='bbox 766 5421 811 5481; x_wconf 82' lang='lat' dir='ltr'>r&#39;o·</span> <span class='ocrx_word' id='word_1_687' title='bbox 860 5431 966 5483; x_wconf 87' lang='lat' dir='ltr'>tamen</span> <span class='ocrx_word' id='word_1_688' title='bbox 980 5428 1010 5482; x_wconf 87' lang='lat' dir='ltr'>te</span> <span class='ocrx_word' id='word_1_689' title='bbox 1025 5423 1192 5500; x_wconf 88' lang='lat' dir='ltr'>ipsummet</span> <span class='ocrx_word' id='word_1_690' title='bbox 1209 5433 1273 5476; x_wconf 92' lang='lat' dir='ltr'>non</span> <span class='ocrx_word' id='word_1_691' title='bbox 1296 5414 1395 5474; x_wconf 90' lang='lat' dir='ltr'>teneri</span> <span class='ocrx_word' id='word_1_692' title='bbox 1420 5412 1537 5473; x_wconf 79' lang='lat' dir='ltr'>solvere</span> <span class='ocrx_word' id='word_1_693' title='bbox 1559 5414 1627 5470; x_wconf 89' lang='lat' dir='ltr'>tan-</span> 
     </span>
     <span class='ocr_line' id='line_1_55' title="bbox 27 5501 1628 5595; baseline -0.002 -29"><span class='ocrx_word' id='word_1_694' title='bbox 27 5506 192 5585; x_wconf 77' lang='lat' dir='ltr'>uettt&#39;pare,</span> <span class='ocrx_word' id='word_1_695' title='bbox 211 5512 244 5564; x_wconf 86' lang='lat' dir='ltr'>at</span> <span class='ocrx_word' id='word_1_696' title='bbox 263 5503 311 5564; x_wconf 79' lang='lat' dir='ltr'>aa</span> <span class='ocrx_word' id='word_1_697' title='bbox 333 5511 415 5586; x_wconf 76' lang='lat' dir='ltr'>apat,</span> <span class='ocrx_word' id='word_1_698' title='bbox 434 5508 495 5568; x_wconf 83' lang='lat' dir='ltr'>atsi</span> <span class='ocrx_word' id='word_1_699' title='bbox 515 5508 597 5571; x_wconf 76' lang='lat' dir='ltr'>atad</span> <span class='ocrx_word' id='word_1_700' title='bbox 616 5511 728 5572; x_wconf 80' lang='lat' dir='ltr'>rationi</span> <span class='ocrx_word' id='word_1_701' title='bbox 737 5530 810 5573; x_wconf 83' lang='lat' dir='ltr'>coa·</span> <span class='ocrx_word' id='word_1_702' title='bbox 860 5533 954 5595; x_wconf 88' lang='lat' dir='ltr'>quam</span> <span class='ocrx_word' id='word_1_703' title='bbox 975 5513 1086 5591; x_wconf 86' lang='lat' dir='ltr'>injuste</span> <span class='ocrx_word' id='word_1_704' title='bbox 1104 5509 1294 5588; x_wconf 83' lang='lat' dir='ltr'>impositum,</span> <span class='ocrx_word' id='word_1_705' title='bbox 1320 5505 1393 5585; x_wconf 92' lang='lat' dir='ltr'>quia</span> <span class='ocrx_word' id='word_1_706' title='bbox 1416 5522 1487 5565; x_wconf 88' lang='lat' dir='ltr'>cum</span> <span class='ocrx_word' id='word_1_707' title='bbox 1507 5501 1628 5563; x_wconf 85' lang='lat' dir='ltr'>dubite-</span> 
     </span>
     <span class='ocr_line' id='line_1_56' title="bbox 27 5597 1630 5684; baseline 0 -23"><span class='ocrx_word' id='word_1_708' title='bbox 27 5616 139 5680; x_wconf 77' lang='lat' dir='ltr'>pruum</span> <span class='ocrx_word' id='word_1_709' title='bbox 156 5615 221 5658; x_wconf 82' lang='lat' dir='ltr'>esse</span> <span class='ocrx_word' id='word_1_710' title='bbox 232 5597 359 5672; x_wconf 56' lang='lat' dir='ltr'>notatu</span> <span class='ocrx_word' id='word_1_711' title='bbox 376 5599 459 5680; x_wconf 83' lang='lat' dir='ltr'>quoa</span> <span class='ocrx_word' id='word_1_712' title='bbox 474 5601 498 5660; x_wconf 90' lang='lat' dir='ltr'>si</span> <span class='ocrx_word' id='word_1_713' title='bbox 515 5604 699 5666; x_wconf 83' lang='lat' dir='ltr'>examinatis</span> <span class='ocrx_word' id='word_1_714' title='bbox 713 5606 810 5666; x_wconf 88' lang='lat' dir='ltr'>utrin-</span> <span class='ocrx_word' id='word_1_715' title='bbox 860 5614 913 5670; x_wconf 88' lang='lat' dir='ltr'>tur</span> <span class='ocrx_word' id='word_1_716' title='bbox 928 5607 966 5665; x_wconf 78' lang='lat' dir='ltr'>cle</span> <span class='ocrx_word' id='word_1_717' title='bbox 985 5604 1102 5684; x_wconf 86' lang='lat' dir='ltr'>justitia</span> <span class='ocrx_word' id='word_1_718' title='bbox 1122 5600 1288 5679; x_wconf 78' lang='lat' dir='ltr'>vectigalis,</span> <span class='ocrx_word' id='word_1_719' title='bbox 1303 5599 1354 5662; x_wconf 83' lang='lat' dir='ltr'>lex</span> <span class='ocrx_word' id='word_1_720' title='bbox 1372 5599 1448 5664; x_wconf 89' lang='lat' dir='ltr'>illud</span> <span class='ocrx_word' id='word_1_721' title='bbox 1467 5598 1630 5680; x_wconf 86' lang='lat' dir='ltr'>imponens</span> 
     </span>
    </p>
   </div>
   <div class='ocr_carea' id='block_1_3' title="bbox 0 0 1986 6348">
    <p class='ocr_par' dir='ltr' id='par_1_6' title="bbox 0 0 1986 6348">
     <span class='ocr_line' id='line_1_57' title="bbox 0 0 1986 6348; baseline 0 10"><span class='ocrx_word' id='word_1_722' title='bbox 0 0 1986 6348; x_wconf 95' lang='lat' dir='ltr'> </span> 
     </span>
    </p>
   </div>
  </div>
 </body>
</html>
