3964 6348
1971 163 1973 176 t

1972 405 1973 418 1

335 425 394 487 361
980 419 1092 484 LIBER
1112 420 1268 484 PRIMUS.

335 589 473 652 confutat
485 590 518 651 S.
532 591 611 670 hug.
623 590 695 669 quia
710 588 754 650 sic
765 590 893 652 licerent
907 587 1013 650 omnia
1034 603 1098 648 sce·
1150 588 1260 650 babilis
1273 595 1413 670 respectu
1422 590 1606 668 intellectus,
1628 609 1702 672 ergo
1711 611 1774 654 nou
1786 600 1827 656 cst
1837 613 1895 674 pro-
1970 537 1973 698 1

334 684 410 760 lera,
426 684 549 744 eumad
563 702 600 744 ea
612 701 670 744 nos
682 683 792 744 invitet
804 700 921 758 senatis,
934 681 1101 742 etdelecta-
1151 680 1260 742 babilis
1274 688 1416 762 respectu
1426 683 1509 744 illius
1519 685 1703 764 intellectus,
1714 687 1895 766 quieamnon
1972 699 1973 716 ¹

336 775 484 837 tiomenti
497 775 698 854 objectamos
713 775 752 836 ad
767 775 934 855 prudenter
945 774 1102 852 agendum
1152 773 1256 850 babet,
1272 791 1343 836 cum
1357 784 1496 855 respectu
1516 777 1599 838 illius
1616 779 1781 858 nequidem
1793 783 1828 840 sit
1843 782 1895 859 opi·
1972 827 1973 830 ,

335 869 586 948 praerequirimus
603 869 754 948 judicium
772 873 892 928 certum
908 867 946 928 dc
960 866 1102 945 probabi·
1153 867 1217 935 nio,
1234 867 1335 927 omnis
1346 869 1452 948 opinio
1466 869 1506 930 sit
1516 888 1668 948 assensus,
1684 871 1727 932 ita
1740 873 1807 951 Esp.
1826 871 1896 954 llnp.

336 961 419 1021 litate
432 961 597 1041 opinionis,
607 968 638 1022 et
646 966 794 1041 praeterea
800 960 946 1020 1111111111
949 959 1103 1037 judicium
1154 960 1279 1020 Etiamsi
1291 979 1403 1038 sequar
1409 961 1590 1040 opinionem
1602 965 1747 1035 abenam,
1762 965 1898 1026 011111111-

336 1053 506 1132 practicam
529 1053 667 1115 absolute
687 1053 852 1116 enuntians
870 1053 940 1127 hoo,
955 1053 1005 1113 vel
1027 1051 1104 1113 illud
1154 1069 1233 1130 quor
1246 1069 1353 1114 meum
1365 1053 1568 1131 intellectum,
1579 1057 1717 1135 quiaper
1730 1057 1899 1135 huncjudico

336 1146 543 1208 esselicitum.
1154 1145 1474 1223 opinionemalienam
1486 1149 1763 1229 esseprobabilem,
1774 1154 1900 1210 11111111-

252 1238 312 1299 389
377 1237 452 1300 luat.
462 1239 531 1299 Non
540 1236 680 1298 assentiri
691 1237 746 1310 illi,
758 1238 842 1316 quod
851 1255 974 1317 sequor,
986 1241 1031 1298 est
1040 1253 1105 1298 non
1154 1237 1231 1296 dum
1249 1237 1330 1298 hanc
1347 1239 1424 1299 mihi
1447 1238 1549 1300 formo
1572 1242 1791 1302 conscientiam
1807 1243 1900 1322 practi-

339 1329 467 1408 probara
490 1331 577 1406 illud,
601 1331 682 1409 quod
699 1349 821 1410 aequor,
846 1330 934 1391 sicuti
952 1330 1102 1402 assentiri,
1155 1347 1233 1402 cam,
1253 1329 1393 1408 iudicans
1419 1348 1470 1392 me
1497 1332 1579 1394 licite
1603 1335 1725 1414 operari
1753 1334 1900 1396 secuudum
1972 1331 1975 1398 Ῐ

337 1427 382 1483 est
405 1423 482 1484 illud
504 1423 644 1503 probare.
673 1441 737 1482 sear·
750 1421 932 1501 approbare,
957 1421 1044 1499 atqui
1069 1421 1101 1482 S.
1155 1422 1335 1500 opinionem
1348 1423 1435 1484 illam
1449 1423 1652 1504 probabilem.
1673 1424 1723 1486 Ad
1746 1424 1953 1506 0011111131]

335 1513 370 1575 de
390 1514 457 1575 atil.
477 1513 615 1576 credendi
637 1533 700 1594 cop.
725 1519 773 1576 ll.
795 1515 863 1576 vult
887 1513 1013 1593 probari
1032 1513 1101 1581 hoc.
1155 1532 1239 1580 cons.
1255 1532 1330 1593 ergo
1352 1533 1418 1576 non
1431 1522 1476 1576 est
1492 1515 1661 1596 probabilis
1676 1524 1816 1598 respectu
1837 1519 1903 1580 illim
1973 1543 1975 1598 ς

336 1607 420 1686 qnod
447 1609 515 1686 quis
537 1607 694 1686 sequitnr;
718 1608 762 1667 ait
788 1606 883 1679 enim,
904 1604 1044 1687 qumodo
1063 1610 1104 1666 est
1155 1605 1339 1684 intellectus,
1367 1609 1422 1686 qui
1445 1626 1515 1670 eam
1538 1628 1603 1670 non
1624 1610 1730 1686 habet,
1757 1610 1904 1690 nequidem
1974 1653 1975 1656 κ

337 1698 420 1769 illud,
444 1699 521 1779 quad
540 1707 712 1780 sequuntur,
731 1699 759 1759 si
778 1697 979 1779 conprobem,
997 1698 1103 1778 probo·
1156 1697 1315 1777 ohJ'ective,
1336 1707 1391 1760 aut
1413 1702 1644 1780 aequivalenter,
1670 1721 1759 1764 conc.
1783 1705 1834 1782 quai
1851 1721 1905 1764 eam
1974 1715 1975 1778 ᾗ

337 1791 421 1852 tite?
436 1794 482 1852 Ita
491 1793 585 1852 Gonz.
602 1793 643 1853 R.
661 1795 689 1852 1.
705 1793 786 1870 Ergo
804 1811 860 1853 nec
874 1809 1000 1872 possum
1017 1792 1104 1871 sequi
1156 1793 1323 1852 nonhabet
1340 1793 1520 1869 elicitive,et
1529 1793 1810 1872 formaliter,babet
1819 1801 1906 1858 1111111

337 1883 425 1960 illud,
441 1885 525 1963 qnod
537 1884 600 1946 scio
614 1903 678 1945 esse
696 1883 893 1963 probabilius,
909 1885 959 1944 vel
972 1890 1101 1960 certum,
1156 1883 1317 1961 objectiva,
1332 1891 1387 1946 ant
1398 1887 1628 1964 aeqmvalenter,
1645 1906 1678 1948 n.
1692 1904 1778 1950 cons.
1791 1887 1906 1968 boclpn

337 1976 396 2036 nisi
410 1981 490 2052 actu,
506 1977 635 2055 positive
644 1979 801 2038 assentiar.
818 1979 856 2039 R.
875 1980 905 2038 1.
923 1978 955 2046 S,
972 1979 1102 2055 August.
1156 1981 1260 2036 autem
1274 1975 1535 2056 habetohjective,
1551 1979 1635 2058 qnod
1649 1980 1687 2040 de
1702 1979 1756 2040 illa
1774 1981 1853 2042 velut
1863 1980 1906 2040 ob

338 2069 402 2147 agit
424 2074 531 2129 eontra
548 2069 756 2144 Academicos,
785 2070 839 2149 qui
858 2071 896 2130 de
917 2070 1005 2131 nullo
1026 2070 1106 2132 ferre
1152 2067 1235 2144 jecto
1245 2069 1362 2147 judicet
1376 2077 1535 2132 essecerto
1549 2072 1755 2150 probabilem,
1767 2073 1908 2152 otperhoc
1975 2117 1976 2124 ,

336 2161 482 2222 volebant
500 2161 664 2239 judicium,
690 2168 721 2222 et
741 2168 822 2224 recte
842 2164 976 2224 ostendit
995 2163 1106 2224 debere
1160 2160 1254 2220 habet
1266 2162 1496 2240 aequivalenter,
1512 2165 1596 2241 quod
1607 2163 1909 2244 agnoscatgrareeJm

337 2253 406 2314 illos
419 2253 526 2314 saltem
535 2252 674 2332 judicare
687 2255 717 2314 id
734 2273 799 2316 esse
813 2255 982 2334 probabile,
998 2274 1107 2318 secun-
1157 2255 1320 2328 motivum,
1340 2259 1466 2334 propter
1486 2257 1570 2334 quod
1588 2255 1682 2316 etiam
1705 2256 1813 2317 elicere
1825 2261 1910 2334 posset

337 2345 413 2405 dum
433 2346 517 2424 qnod
533 2351 641 2425 agunt,
666 2347 748 2426 quod
766 2348 919 2425 judicium
937 2349 1029 2409 etiam
1049 2367 1107 2410 nos
1157 2363 1327 2418 assensum,
1344 2352 1426 2406 recte
1439 2347 1524 2408 enim
1538 2349 1627 2408 docet
1639 2348 1744 2409 Terill.
1761 2347 1797 2407 in
1808 2345 1908 2428 Repo.

337 2438 537 2516 requirimus,
1157 2439 1207 2498 51.
1237 2457 1255 2497 u
1282 2456 1363 2497 num.
1379 2441 1409 2498 ’1.
1439 2439 1660 2516 aequivalenter
1695 2439 1804 2500 baberi
1826 2440 1909 2500 deter-

255 2529 313 2588 390
380 2527 472 2608 Objic.
490 2532 520 2591 2.
539 2531 694 2592 S.Thom.
707 2549 789 2611 saepe
799 2533 874 2592 dicit
889 2532 928 2592 ad
941 2532 1023 2593 licita
1032 2551 1105 2612 ope-
1157 2529 1362 2590 minationem
1384 2529 1568 2606 intellectus,
1594 2531 1619 2591 si
1642 2533 1745 2593 adsint
1782 2531 1911 2610 utrinque

337 2622 471 2682 randum
479 2624 649 2703 requiri,ut
657 2624 743 2703 prius
757 2624 921 2702 diligenter
932 2625 1107 2704 inquiratur
1158 2623 1276 2682 motiva
1290 2621 1476 2682 sufficientia
1489 2640 1547 2702 pro
1559 2623 1732 2685 formandis
1746 2623 1911 2702 judiciisdi

337 2715 459 2790 veritus,
475 2717 648 2776 secundum
661 2734 756 2795 quam
765 2717 972 2778 determinare
979 2718 1105 2797 possim,
1157 2715 1259 2776 rectis.

337 2825 378 2866 an
389 2807 507 2887 aliquid
521 2809 560 2868 sit
573 2808 704 2877 licitum,
720 2827 829 2884 necne,
843 2808 904 2869 hoc
917 2815 1021 2870 nutem
1042 2829 1107 2871 non
1200 2804 1292 2885 Objt'c.
1308 2807 1337 2868 1.
1355 2806 1515 2866 Dictamen
1526 2805 1698 2884 practicam
1716 2807 1754 2868 de
1767 2808 1911 2868 honestate
1928 2813 1965 2872 at

337 2904 383 2958 est
395 2917 506 2960 verum
523 2901 557 2960 in
573 2901 725 2961 sententis
741 2901 886 2979 benigna,
912 2917 986 2961 nam
1004 2902 1037 2962 in
1050 2902 1107 2963 hac
1158 2899 1296 2970 actionis,
1316 2915 1381 2959 non
1404 2899 1529 2977 attingit
1552 2897 1747 2961 honestatem
1765 2899 1912 2962 1011111101

337 2992 409 3051 satis
423 2993 481 3052 erit
492 2993 579 3067 scire,
593 2992 709 3071 aliquid
723 3011 787 3053 esse
797 2992 967 3071 probabile,
983 2994 1108 3056 sivero
1158 2989 1299 3064 aetionis,
1320 3007 1395 3068 ergo
1415 2990 1538 3068 attingit
1551 2990 1649 3050 solam
1669 2991 1860 3054 honestatem
1870 2991 1913 3052 ob

337 3090 464 3160 gnoscat
474 3084 746 3163 veritatem,eique
756 3085 951 3157 assentiatur,
959 3085 1104 3158 sivenon,
1154 3081 1310 3160 jactivam,
1327 3099 1400 3160 ergo
1424 3081 1630 3143 debetadesse
1649 3083 1804 3162 judicium
1817 3085 1911 3158 daem

337 3177 379 3237 ita
394 3179 488 3238 Gonu.
505 3195 531 3236 c.
546 3175 672 3256 l.ltcsp.
690 3195 761 3255 neg.
776 3177 859 3238 subs.
876 3177 1010 3238 diximus
1023 3178 1107 3238 enim
1159 3173 1243 3253 quod
1266 3180 1391 3253 aparte
1413 3175 1460 3235 rei
1481 3180 1527 3236 est
1546 3175 1726 3252 honestum,
1753 3183 1783 3237 et
1805 3191 1912 3237 verum.
1977 3180 1978 3246 j

337 3288 369 3332 1.
394 3270 464 3330 181.
486 3266 708 3347 inquirendum
735 3286 799 3329 esse
820 3269 854 3328 in
876 3269 1049 3344 veritatem,
1077 3275 1108 3330 et
1158 3266 1260 3328 Autec.
1267 3267 1387 3346 probat.
1402 3267 1548 3328 honestas
1560 3266 1701 3328 formalis
1713 3269 1857 3348 explicari
1869 3269 1912 3329 de·

338 3360 563 3422 consideranda
583 3361 729 3438 utrinque
742 3361 869 3434 motiva,
894 3358 1031 3438 alioquin
1044 3379 1109 3422 non
1158 3357 1212 3418 bet
1224 3377 1280 3438 per
1294 3359 1552 3434 conformitatem,
1565 3377 1662 3438 quam
1675 3361 1770 3422 babet
1782 3378 1853 3421 cum
1863 3361 1915 3420 die

338 3453 453 3532 poterit
466 3457 548 3513 certo
558 3452 691 3531 judicari
701 3452 739 3512 de
752 3451 966 3530 probabilitate
979 3453 1109 3531 alicujus
1158 3452 1274 3512 tamine
1289 3451 1433 3531 practico,
1454 3469 1529 3530 ergo
1548 3451 1574 3510 si
1589 3451 1746 3514 dictamen
1760 3453 1915 3532 practicam

339 3543 505 3624 opinionis,
530 3561 605 3604 nam
632 3543 710 3604 sicx
733 3561 797 3604 una
816 3548 901 3622 parte
924 3553 1109 3622 agnoscatur
1158 3543 1291 3603 1111111111
1315 3544 1446 3621 attingat
1472 3542 1667 3604 honestatem
1692 3544 1915 3622 formalem,sset

339 3643 422 3698 certo
439 3637 562 3709 veritas,
592 3636 642 3697 vel
664 3654 719 3714 per
740 3636 892 3696 motivum
914 3642 1033 3699 01111111
1052 3657 1108 3717 pro
1159 3634 1301 3705 circulus,
1321 3635 1365 3695 ita
1387 3633 1488 3695 Fstrix
1511 3633 1541 3694 ic
1561 3635 1709 3715 Logisticu
1725 3655 1796 3717 pop.
1822 3639 1866 3698 13.
1884 3637 1914 3695 ll.

338 3731 396 3790 hac
423 3735 521 3808 parte,
546 3728 595 3790 uel
620 3746 676 3808 per
701 3727 855 3790 delectum
879 3730 981 3790 omnis
1007 3732 1109 3808 gravis
1159 3741 1231 3803 neg·
1254 3729 1318 3785 unt·
1344 3741 1417 3784 nam
1441 3724 1596 3785 dictamen
1614 3725 1787 3804 practicam
1808 3724 1916 3802 affingit
1977 3741 1978 3744 ’

339 3821 447 3882 mauu
461 3839 500 3882 ex
510 3820 617 3891 altera
632 3819 951 3900 nuhapoteritofferri
966 3822 1110 3901 probabi·
1158 3817 1312 3878 actionem
1325 3821 1361 3877 ut
1374 3815 1631 3877 conformandam
1656 3816 1719 3896 legi
1735 3818 1842 3879 salam
1859 3833 1915 3896 per·

339 3912 418 3990 litas,
430 3931 502 3974 cum
513 3913 579 3974 haec
596 3913 727 3974 ehdatur
744 3931 799 3993 per
818 3915 971 3975 motivum
989 3923 1110 3977 certum
1159 3909 1304 3984 mittenti,
1322 3914 1353 3970 et
1365 3909 1510 3970 honestus
1522 3907 1661 3968 f⁰r111³li⁸
1675 3915 1722 3970 est
1734 3909 1917 3970 10110111ιί11

339 4007 525 4085 oppositum,
536 4010 567 4064 et
576 4023 632 4084 pro
646 4022 678 4064 se
689 4005 827 4083 requirat
836 4024 929 4084 grave
943 4008 1107 4070 motivum.
1158 4001 1289 4062 actionis
1300 4019 1371 4062 cum
1383 3999 1452 4078 lega
1464 3999 1574 4061 saltem
1582 4001 1792 4080 permittente,
1802 4017 1856 4082 per
1865 3999 1916 4060 dic·

255 4094 307 4153 391
380 4096 473 4178 otjtc.
489 4098 518 4157 3.
536 4098 673 4175 Operans
686 4097 868 4158 cumdubio
881 4099 1023 4177 positivo,
1038 4117 1109 4178 pec·
1160 4103 1264 4156 101111
1285 4092 1454 4172 practicam
1473 4093 1642 4171 proposita,
1666 4093 1700 4153 in
1719 4111 1781 4172 qua
1798 4093 1916 4172 explica

338 4194 396 4264 cat,
421 4189 475 4250 sed
497 4189 567 4250 talis
585 4194 730 4267 operatur
750 4207 823 4249 cum
844 4189 938 4251 dubio
966 4191 1106 4269 positivo,
1159 4183 1918 4266 111111111111111111111101111111111

338 4281 497 4360 suspendit
511 4281 595 4340 enim
609 4287 776 4360 utrumque
786 4281 938 4360 judicium
956 4283 1109 4346 directum
1158 4277 1222 4354 tici,
1247 4281 1278 4337 el
1298 4275 1469 4338 honestetis
1490 4275 1645 4352 formulis3
1673 4282 1779 4338 tamen
1800 4294 1863 4338 11011
1879 4279 1918 4334 etl

338 4379 464 4452 propter
490 4373 624 4434 11110111
640 4373 760 4450 dubias,
781 4393 854 4453 ergo
882 4380 995 4453 peccat.
1020 4375 1107 4456 Resp.
1159 4369 1290 4431 circulus
1303 4371 1441 4446 vitiosus,
1458 4368 1512 4429 sed
1524 4369 1689 4430 relativum
1697 4387 1796 4430 unum
1805 4366 1917 4430 aliunde

339 4467 475 4545 Operans
487 4482 559 4526 cum
572 4466 667 4527 dubio
678 4467 820 4547 positivo,
833 4472 863 4528 et
874 4467 950 4528 dum
964 4473 1110 4547 operatur
1159 4463 1317 4541 cognitum
1336 4461 1506 4542 explicatur
1531 4479 1588 4541 per
1611 4463 1754 4524 ordinem
1776 4462 1815 4523 ad
1836 4475 1917 4522 suum

338 4558 372 4618 in
380 4558 433 4618 illo
443 4558 561 4637 sistens,
575 4565 690 4637 peccat,
716 4577 802 4620 conc.
820 4577 952 4639 operans
966 4578 1037 4622 oum
1050 4561 1108 4622 du·
1159 4554 1385 4626 correlativum,
1413 4554 1468 4634 qui
1495 4553 1571 4614 ordo
1601 4554 1738 4634 pertinet
1760 4555 1801 4616 ad
1820 4565 1918 4614 101111

338 4649 390 4710 bio
409 4650 539 4728 positivo
565 4651 710 4730 inspectis
729 4651 852 4714 motivis
874 4651 1007 4725 directis,
1035 4659 1111 4714 atta·
1159 4647 1334 4721 essentiam,
1355 4647 1447 4708 sicuti
1468 4657 1561 4706 causa
1580 4645 1750 4726 explicatur
1775 4665 1829 4726 per
1844 4644 1917 4706 ordi·

339 4759 412 4802 men
425 4740 563 4804 formans
581 4743 638 4803 sibi
656 4744 810 4821 judicium
824 4748 945 4820 certum
964 4743 1109 4824 inspectis
1158 4758 1233 4802 nem
1246 4742 1285 4802 ad
1301 4739 1456 4815 effectum,
1469 4744 1501 4800 et
1514 4738 1639 4799 effectus
1658 4757 1715 4818 per
1736 4733 1916 4800 ordinemad

339 4833 463 4894 motivis
482 4835 614 4910 rellexis,
637 4853 709 4914 neg.
726 4836 867 4914 quamvis
880 4835 965 4894 enim
977 4853 1109 4914 suspen·
1158 4849 1293 4894 causum.
1306 4831 1371 4892 llls.
1391 4839 1451 4892 ort.
1467 4832 1496 4892 2.
1513 4851 1545 4892 u.
1561 4832 1611 4892 22.
1633 4831 1718 4905 dicit,
1737 4830 1917 4892 nouantem

338 4925 392 4986 dat
410 4943 502 4988 omne
521 4927 675 5005 judicium
690 4928 852 4999 directum,
873 4933 978 4986 tumen
993 4927 1110 5006 judicat
1158 4924 1320 4986 lormolem
1333 4923 1452 4998 haberi,
1466 4925 1581 5002 partim
1590 4941 1646 5003 per
1655 4924 1859 5002 cognitionem
1868 4921 1917 4980 im·

338 5024 507 5097 utrumque
543 5020 609 5081 lore
630 5019 799 5100 probabile,
820 5019 845 5078 si
882 5020 1053 5094 eliceretur,
1079 5025 1110 5082 et
1160 5017 1292 5080 mediate
1313 5021 1588 5095 representantem
1611 5011 1916 5095 probabilitatemho·

340 5111 451 5172 exinde
462 5111 576 5173 lormat
596 5113 655 5173 sibi
675 5112 833 5188 ultimum,
845 5113 929 5191 quod
938 5113 1109 5188 secundum
1160 5110 1286 5172 uastatis
1320 5107 1497 5184 materialis,
1536 5107 1650 5186 partim
1686 5125 1742 5186 per
1776 5105 1916 5183 obiectum

341 5204 432 5272 hanc,
444 5205 494 5266 vel
503 5205 590 5264 illam
603 5209 724 5284 partem
737 5203 983 5283 liciteoperetnr.
1160 5207 1426 5283 representatum,
1456 5200 1539 5279 quod
1568 5207 1614 5260 est
1646 5199 1701 5260 illa
1733 5195 1917 5279 probabilitas

256 5310 314 5370 3ti2
380 5295 454 5356 Irae.
472 5297 507 5357 Si
520 5298 650 5376 ipsemet
662 5315 728 5357 non
740 5294 839 5356 eliciat
853 5313 1020 5364 assensum,
1037 5302 1112 5375 tuuc
1161 5295 1329 5358 honestatis
1349 5291 1528 5368 materialis,
1550 5292 1594 5352 ita
1612 5296 1647 5352 ut
1666 5291 1820 5352 1110111111
1835 5285 1915 5347 telle

342 5405 407 5446 uon
421 5389 560 5466 sequitur
578 5389 759 5467 opinionem
782 5405 881 5464 suam,
900 5388 1109 5458 sedulianum,
1161 5407 1238 5449 xum
1258 5403 1323 5448 uon
1342 5385 1520 5458 constituat,
1543 5384 1598 5444 sed
1617 5401 1675 5463 pro
1689 5383 1808 5461 obiecto
1816 5378 1916 5440 hubent

343 5481 425 5540 lleus
451 5485 557 5541 autem
578 5480 664 5541 dedit
678 5480 773 5540 cuivis
795 5498 887 5540 suum
907 5479 1110 5557 intellectum,
1162 5480 1355 5541 honestatam
1375 5476 1538 5538 formalem
1562 5475 1740 5555 :quidquid
1753 5476 1791 5535 sit
1807 5471 1841 5532 de
1853 5469 1912 5538 bot,

342 5577 604 5652 quamsequatur.
625 5569 709 5650 thus.
723 5573 801 5634 Nam
809 5571 915 5652 opinio
924 5572 1035 5634 dicitur
1043 5591 1113 5652 pro·
1163 5572 1272 5633 saltem
1285 5571 1407 5632 videtur
1424 5567 1664 5642 admittendum,
1686 5567 1768 5647 quod
1786 5565 1913 5625 honesta-
