3938 6338
319 373 382 434 268
860 357 900 428 Ῥ.
924 363 1115 427 STEPHANI
1137 362 1187 424 DE
1208 361 1365 425 GlllllllPS

320 541 402 602 inter
424 537 589 599 ‹aantmaiae
603 535 802 616 opinionibus
816 539 964 614 patronos
990 529 1092 611 appel·
1140 526 1294 607 exemplo,
1310 533 1470 608 tamqnam
1484 529 1588 590 medio
1601 529 1769 591 extrinseca
1782 550 1885 612 possam

322 633 387 693 lare
414 632 507 707 duos,
531 635 585 691 atat
606 635 669 689 tres
691 627 876 688 recentiores
907 622 1090 702 Tlasologas,
1140 619 1228 700 sequi
1241 621 1436 696 senientiam,
1452 639 1522 701 quae
1536 622 1614 683 mibi
1627 623 1886 703 minusprobabilia

320 743 398 804 quos
418 743 475 784 neo
495 723 559 783 vidi
575 767 583 797 ,
602 740 660 782 nea
686 719 725 780 ab
747 718 926 781 auctoribus
952 715 1092 795 superius
1141 716 1316 790 apparetex
1330 713 1446 774 motivo
1459 714 1615 775 intriseoo.
1627 711 1720 775 Addit
1733 715 1885 798 paullaput

322 816 479 896 productis
486 815 592 876 citatos
601 813 672 892 legi.
683 811 890 888 Quamobrem
896 809 983 871 lueile
997 809 1093 869 addu-
1141 805 1180 863 Et
1193 805 1266 884 quia
1279 806 1369 885 plura
1380 811 1454 866 sunt
1471 807 1652 885 hujusmodi
1665 806 1779 868 motiva
1791 812 1888 870 extrin:

322 927 386 982 eor,
399 913 434 968 ut
448 907 631 968 aredameos
646 923 718 966 eum
732 904 891 965 Dominico
905 904 1092 980 antequam
1140 915 1252 976 sequa,
1283 915 1354 977 quaa
1380 899 1576 978 operationes
1605 904 1727 987 nostras
1752 901 1886 963 moraliter

322 1006 353 1062 et
374 1000 449 1079 ipsis
469 1001 628 1060 Mereorus
641 996 797 1076 adjungit,
814 995 901 1074 loqui
916 1000 1038 1054 tontum
1053 994 1091 1054 da
1140 996 1269 1070 possunt
1295 990 1473 1065 certificare,
1497 997 1534 1051 ut
1546 991 1710 1052 auotoritas
1729 992 1885 1064 Doctorum,

317 1088 485 1168 judicibus,
508 1087 558 1148 vel
578 1089 616 1148 de
634 1087 719 1148 laetis
733 1086 772 1146 ad
787 1084 887 1145 aliena
902 1083 974 1162 jura
996 1081 1091 1162 perti·
1140 1083 1282 1162 exempla
1309 1083 1473 1161 lllajoram,
1498 1084 1771 1163 praesumptiones,
1802 1085 1887 1146 titulus

321 1180 477 1242 nantibus.
495 1180 673 1241 Secundum
687 1184 743 1254 est,
760 1194 832 1238 eum
844 1182 924 1256 part.
943 1179 972 1237 3.
988 1181 1047 1235 art.
1059 1178 1090 1235 ¹1.
1141 1174 1350 1254 possessionis,
1363 1177 1565 1252 consuetudo,
1581 1175 1747 1236 tolerantia
1758 1177 1885 1256 approba·

321 1269 354 1330 in
377 1287 576 1331 eommunem
603 1268 786 1330 sententiam
799 1265 913 1340 relabi,
935 1283 971 1324 aa
983 1266 1092 1325 doecre
1141 1268 1204 1328 tiva
1217 1267 1419 1347 Superiorem
1431 1268 1466 1328 in
1485 1268 1554 1347 lege
1576 1268 1735 1340 humana,
1751 1269 1886 1347 regulari·

321 1361 434 1440 saepius
448 1361 567 1422 licitum
582 1379 646 1422 esse
660 1360 746 1438 sequi
763 1359 795 1418 in
809 1358 897 1439 praxi
911 1356 1092 1436 opinionem
1140 1359 1371 1420 inconvenienti
1389 1360 1525 1436 vitando,
1544 1360 1594 1420 val
1612 1378 1669 1440 pro
1692 1360 1801 1438 majori
1825 1361 1887 1424 bona

322 1453 427 1514 minus
438 1459 548 1526 tutam,
560 1459 590 1514 et
600 1453 704 1513 minus
713 1450 906 1531 probabilem
919 1469 927 1510 ε
939 1471 950 1505 a
963 1449 1091 1523 Quando
1140 1453 1174 1513 in
1188 1452 1247 1529 his,
1261 1471 1331 1532 quaa
1345 1453 1428 1513 mala
1450 1458 1532 1528 sunt,
1548 1453 1621 1532 quia
1641 1452 1811 1532 prohibita,
1826 1460 1851 1514 et
1860 1457 1887 1516 si·

321 1545 473 1622 videlicet,
490 1543 601 1625 inquit,
617 1544 721 1605 minus
734 1541 902 1623 probabilis
922 1559 959 1602 ax
976 1543 1092 1602 motivo
1142 1544 1246 1618 milia;
1262 1545 1458 1624 ideosmpius
1473 1545 1588 1623 poterit
1609 1543 1748 1605 accidere
1765 1563 1851 1621 cesus,
1862 1553 1887 1606 at

323 1637 488 1698 intrinseco
501 1656 557 1716 per
570 1637 723 1697 motivum
733 1635 940 1697 extrinsecum
954 1634 1093 1695 redditur
1141 1637 1237 1716 possit
1250 1637 1370 1698 admitti
1383 1637 1416 1697 in
1440 1638 1528 1716 praxi
1539 1655 1614 1697 usus
1634 1636 1788 1716 opinionis
1805 1638 1887 1700 minas

322 1735 404 1790 certa
419 1730 587 1790 moraliter.
611 1729 658 1788 Sit
676 1728 869 1807 exemplum3
891 1727 1024 1806 pensatis
1043 1745 1092 1786 ra·
1142 1729 1318 1809 probabilia,
1336 1748 1406 1808 ‹111ae
1419 1729 1500 1790 lavet
1513 1729 1659 1804 libertati,
1673 1728 1778 1790 relicta
1797 1730 1886 1809 proba·

322 1821 459 1882 tionibus
472 1821 633 1890 intriseois,
649 1840 690 1882 en
701 1822 740 1882 sit
760 1821 877 1880 licitum
900 1821 934 1880 in
949 1819 999 1880 die
1016 1817 1092 1878 festo
1141 1821 1244 1882 biliori
1270 1822 1418 1901 opposite,
1443 1839 1514 1900 qnae
1539 1821 1622 1881 favet
1644 1827 1831 1901 praeoptas
1853 1823 1885 1882 Er

323 1931 401 1992 opas
420 1914 528 1974 servile
545 1932 600 1992 per
617 1913 738 1990 horam,
758 1931 829 1994 pars
850 1913 993 1990 negativa
1015 1910 1091 1971 mihi
1142 1913 1254 1992 quiluts
1268 1919 1351 1993 patet
1365 1931 1436 1974 aum
1450 1931 1469 1973 a
1482 1913 1640 1974 communi
1663 1912 1810 1974 sententia
1827 1913 1886 1972 nibil

323 2004 446 2065 videtur
460 2005 659 2084 probabilior,
675 2003 897 2065 etaffirmativo
910 2002 1014 2064 minas
1025 2021 1093 2082 pro.
1142 2007 1311 2068 admodum
1324 2007 1507 2086 discrepare.
1524 2007 1612 2080 Quod
1635 2011 1667 2066 et
1684 2005 1792 2066 elarius
1805 2011 1887 2066 osten

322 2094 443 2157 babilis.
474 2097 505 2156 Si
533 2103 638 2178 postea
662 2097 799 2169 advorto,
827 2096 909 2174 quod
932 2113 1091 2174 personae,
1142 2100 1187 2160 dit
1205 2097 1304 2178 eapite
1326 2098 1477 2178 sequenti,
1493 2116 1563 2159 earm
1579 2097 1721 2179 pluribus
1734 2095 1849 2176 probas,
1863 2115 1886 2157 se

324 2188 501 2266 Religiosae,
525 2190 634 2266 doctae,
652 2193 682 2249 et
701 2189 755 2248 Dei
777 2187 920 2248 timorem
946 2187 1093 2249 habentos
1142 2209 1214 2252 eum
1223 2192 1372 2270 Vasqaez,
1390 2190 1516 2269 Sararez,
1534 2189 1682 2264 Sancbez,
1696 2189 1815 2268 llelugo,
1826 2187 1887 2268 lay·

323 2278 442 2342 faciunt
465 2281 605 2342 laborare
627 2299 698 2342 suas
715 2280 846 2342 famulas
864 2298 919 2360 per
936 2281 1047 2341 horam
1059 2281 1094 2341 in
1142 2301 1269 2358 manno,
1285 2288 1316 2344 et
1329 2281 1493 2344 Esoobario
1508 2282 1599 2362 plana
1621 2278 1816 2342 consentiret

325 2372 374 2432 die
402 2372 494 2451 festo,
522 2379 737 2436 extranaeum
763 2373 959 2434 necessitatis.
977 2391 1015 2433 ex
1035 2372 1094 2434 boo

359 2597 370 2648 l
394 2616 405 2645 ι
420 2597 486 2650 Unde
499 2602 561 2664 patet
569 2597 650 2650 lalsam
664 2611 714 2650 esse
727 2603 750 2650 et
768 2599 882 2652 historica
897 2599 985 2650 veritat
999 2603 1094 2652 conua-
1142 2615 1223 2668 nempe
1236 2600 1356 2654 Socleutis
1377 2600 1431 2652 laea
1445 2599 1531 2666 primos
1550 2599 1621 2651 laissa
1640 2596 1790 2665 probabiliori
1802 2597 1887 2648 inma-

324 2671 392 2734 nun,
413 2673 473 2739 quad
496 2674 562 2726 toties
580 2688 595 2725 a
619 2673 751 2740 quibusdam
769 2674 811 2726 tull
824 2673 995 2742 proclamabam,
1016 2675 1094 2728 Patres
1143 2689 1188 2729 res.
1206 2695 1217 2724 ι
1233 2676 1409 2729 Utrerbisular
1423 2677 1451 2727 P.
1468 2675 1570 2738 Saaviui,
1582 2679 1599 2726 t.
1620 2685 1639 2726 t.
1656 2689 1680 2740 p.
1695 2673 1736 2726 83.

1956 547 1958 698 l
