3944 6350
299 527 302 538 ¹
350 437 409 496 tos
1010 437 1122 498 Lllilllt
1142 439 1286 500 PRIMUS

349 601 520 680 horologia,
535 605 569 661 ut
583 601 643 661 illis
651 601 787 662 actiones
800 605 914 661 nostrae
930 603 1031 680 quoad
1041 608 1120 662 tem·
1170 608 1306 664 econtra
1319 604 1344 664 si
1359 610 1482 665 emanet
1494 623 1549 684 per
1571 607 1700 666 modum
1717 605 1912 685 dispositionis,

348 709 408 772 pus
420 692 648 754 observandum
662 693 845 772 dirigantur.
867 695 897 754 1.
915 695 984 754 Non
997 701 1118 773 potera·
1169 701 1290 756 tantum
1308 697 1431 776 respicit
1451 697 1567 770 fertura,
1593 699 1697 778 eisque
1719 698 1811 759 robur
1831 699 1913 772 alieri,

348 801 419 846 mus
430 785 520 847 aliter
532 787 620 862 scire,
645 787 769 865 quando
784 785 863 846 actio
891 786 958 846 fieri
981 785 1117 864 deberet,
1168 803 1233 845 non
1246 790 1351 846 etitem
1366 787 1542 865 praeteritis.

348 877 397 937 vel
420 877 567 957 obligatio
589 883 724 958 urgeret,
740 878 799 938 nisi
826 877 958 938 Ecclesia
972 879 1116 950 voluisset
1210 877 1245 952 Q.
1262 879 1311 938 86.
1342 876 1423 954 Quid
1442 877 1595 940 dr'rendnm
1612 877 1651 940 'sit
1674 880 1706 940 ira
1724 879 1815 940 acriis
1837 877 1916 939 estin
1933 879 1966 942 55

347 985 405 1030 nos
418 970 461 1031 ite
474 971 653 1050 gubernari.
670 974 699 1032 3.
714 971 787 1031 Haec
801 975 846 1031 est
859 971 1049 1032 consuetudo
1059 973 1117 1032 Ec-
1168 972 1248 1030 circo
1260 968 1357 1050 tepea?
1377 971 1419 1032 R.
1435 989 1518 1051 seqq.

347 1063 459 1138 olesioe,
471 1069 506 1124 ut
515 1064 692 1125 attendatur
707 1063 746 1124 ad
756 1063 906 1142 ejusmodi
923 1064 1116 1142 Kelenderis,
1208 1061 1236 1139 §.
1250 1064 1279 1122 1.
1296 1063 1331 1121 ln
1344 1062 1450 1136 dubio,
1473 1081 1513 1123 en
1527 1061 1578 1124 lex
1591 1064 1641 1138 sit,
1656 1062 1706 1123 vel
1719 1063 1840 1137 nonsit,
1854 1079 1917 1142 prs-

347 1155 562 1235 ctborologie,
579 1157 770 1217 consuetudo
804 1163 910 1216 eutem
944 1162 989 1216 est
1002 1158 1119 1236 optima
1167 1153 1248 1214 sumi
1261 1159 1362 1233 potest
1373 1174 1438 1215 non
1461 1175 1537 1234 esse,
1561 1156 1633 1236 quia
1656 1155 1803 1236 posseaeio
1820 1161 1917 1234 estprc

346 1247 452 1326 legum
466 1248 629 1328 interpres.
649 1251 677 1308 1.
705 1247 899 1321 Kelenderis,
916 1256 947 1308 et
959 1249 1120 1327 horologia
1167 1245 1318 1321 libertate,
1333 1253 1368 1308 ut
1386 1247 1503 1308 dictum
1518 1255 1635 1310 estun.
1652 1250 1723 1310 2¹12.

345 1339 398 1400 illa
411 1357 574 1419 nunquam
587 1341 712 1401 devient
726 1347 890 1420 atempore
900 1341 1115 1409 Ecclesiastico,
1206 1338 1234 1416 ξ.
1251 1340 1280 1398 t.
1299 1341 1335 1398 ln
1359 1339 1465 1413 dubio,
1489 1359 1530 1402 an
1553 1342 1592 1401 sit
1618 1341 1824 1421 promulgata,
1848 1341 1917 1400 docet
1933 1347 1966 1410 tu

345 1433 551 1495 sednonlicet
561 1433 890 1513 discedereatempore
900 1434 1116 1510 Ecclesiastico,
1167 1431 1291 1492 Disoast.
1304 1429 1426 1493 decens.
1442 1433 1472 1493 d.
1485 1437 1515 1493 'i.
1531 1453 1561 1493 rr.
1575 1436 1625 1494 39.
1636 1433 1786 1514 praesomi
1812 1433 1917 1508 debere,

346 1524 424 1586 illud
437 1525 522 1586 enim
549 1525 706 1587 observari
719 1527 786 1586 vult
798 1526 948 1601 Emlesia;
965 1545 1038 1604 ergo
1062 1545 1119 1588 nec
1167 1525 1250 1602 qnod
1265 1543 1340 1600 non,
1356 1525 1429 1604 qnia
1440 1527 1649 1606 promulgatio
1664 1532 1710 1588 est
1723 1527 1839 1604 aliquid
1852 1525 1918 1600 istd,

345 1617 578 1696 abhuJusmodi
594 1618 1042 1698 Kalendariis,velhorologiis.
1168 1617 1252 1696 quod
1278 1635 1342 1678 non
1368 1619 1579 1697 presumitur,
1612 1620 1666 1680 sed
1686 1619 1813 1700 probari
1834 1617 1918 1694 debet,

263 1708 322 1770 585
386 1709 446 1789 §b
468 1709 527 1772 Ubi
550 1716 689 1772 servatur
702 1717 791 1772 vetus
805 1711 1035 1786 Kalendarium,
1062 1713 1117 1773 Ec-
1168 1717 1392 1789 consequenter
1411 1710 1462 1772 lex
1475 1731 1540 1773 non
1558 1711 1717 1790 obligabit,
1736 1712 1810 1791 quia
1822 1711 1920 1772 derbite

346 1801 437 1864 alesia
451 1803 613 1882 permittit,
638 1809 673 1864 ut
700 1803 805 1866 fideles
827 1822 859 1865 se
882 1804 927 1864 illi
940 1823 1117 1866 accommo-
1167 1807 1220 1863 tur
1233 1803 1271 1863 de
1283 1804 1416 1864 essentia
1428 1803 1516 1884 legis,
1532 1806 1580 1866 vel
1590 1805 1699 1866 saltem
1713 1805 1751 1866 dc
1764 1803 1920 1866 condidere

347 1895 431 1972 dent,
447 1897 492 1956 uti
507 1901 673 1958 mnatatex
686 1915 746 1958 usu
759 1897 895 1976 piorum,
916 1903 946 1958 et
957 1897 1118 1959 doctorum
1167 1896 1369 1957 essentialiter
1388 1898 1603 1976 praerequisita
1623 1899 1663 1958 ad
1688 1898 1756 1976 ejus
1782 1897 1920 1976 obligatio

346 1987 527 2063 hominum
559 1989 613 2049 ubi
628 1996 734 2051 eutem
754 1996 913 2069 receptum
928 1996 974 2051 est
988 2009 1116 2070 norum,
1167 2005 1252 2061 nem,
1265 1989 1311 2049 uti
1322 1989 1440 2050 dictum
1455 1996 1500 2050 est
1513 2009 1545 2050 n.
1561 1992 1622 2051 111
1630 1995 1661 2051 et
1672 1992 1743 2050 517.
1761 2009 1835 2070 ergo
1849 1989 1920 2050 liber

346 2081 517 2142 seeundum
544 2079 620 2143 illud
655 2087 701 2144 est
733 2083 963 2164 procedendum
980 2103 986 2143 :
1003 2089 1034 2144 et
1067 2085 1118 2145 hie
1166 2085 1214 2140 tas
1240 2079 1361 2142 videtur
1386 2099 1516 2142 manere
1550 2083 1583 2142 in
1612 2082 1807 2163 possessione
1835 2087 1921 2142 ronna

346 2172 428 2235 valet
440 2173 528 2250 illud,
557 2173 596 2236 Si
616 2171 712 2253 fueris
739 2174 850 2250 Home,
876 2175 1005 2236 nerano
1028 2175 1119 2238 trinita
1168 2172 1537 2235 illam⁰.Adve1tendum
1550 2181 1655 2236 tammr
1670 2173 1919 2255 est,sialiquendo

346 2283 445 2344 more,·
461 2265 498 2328 Si
509 2265 604 2345 saeris
617 2265 703 2342 atrii,
719 2267 811 2329 vivito
824 2267 899 2329 sient
915 2267 966 2328 ibi.
1167 2265 1260 2326 inerit
1273 2283 1332 2326 usn
1343 2272 1477 2346 recepta,
1494 2268 1751 2347 presumendum
1765 2285 1841 2344 erse,
1854 2265 1918 2346 quod

263 2366 323 2426 586
387 2357 449 2437 §ii
475 2359 507 2420 Si
531 2359 645 2420 alicubi
673 2360 802 2421 unicum
836 2362 874 2421 sit
905 2361 1115 2442 horologium,
1167 2357 1357 2436 precesserit
1377 2361 1583 2439 promulgatio
1598 2361 1766 2436 sufficiens,
1782 2367 1920 2441 potestque

347 2451 553 2512 communiter
580 2452 660 2513 bene
687 2453 874 2532 regulatum,
901 2454 951 2514 isti
973 2456 1118 2516 standum
1167 2451 1259 2510 etiem
1280 2452 1449 2530 prudenter
1472 2452 1588 2532 aliquid
1617 2453 1689 2514 lecti
1724 2451 1917 2533 pressumisi
1965 2461 1966 2510 3

347 2548 393 2605 est
408 2562 416 2604 ι
434 2545 460 2605 si
474 2549 579 2607 eutem
603 2544 665 2605 sint
679 2546 778 2625 plura,
805 2547 877 2607 stari
898 2553 996 2626 potest
1011 2549 1117 2627 singu·
1166 2559 1271 2622 sempe
1298 2543 1433 2622 positum
1467 2547 1506 2606 sit
1533 2543 1661 2624 aliquid,
1699 2547 1750 2606 cui
1785 2545 1919 2607 ominaric

346 2636 394 2709 lis,
420 2637 494 2716 qtlia
515 2637 638 2716 singula
656 2643 729 2698 sunt
756 2634 853 2700 veluti
880 2641 995 2700 Auctor
1017 2641 1118 2700 lronus
1167 2635 1318 2714 ejusmodi
1338 2635 1452 2698 iactum
1467 2633 1604 2717 'adjungi
1628 2638 1733 2713 debet,
1758 2640 1806 2700 uti
1823 2638 1920 2717 legibm

346 2727 462 2789 iaciens
476 2729 724 2810 probabilitatem
737 2749 743 2790 :
756 2732 782 2791 si
795 2732 944 2792 tamenin
958 2732 1119 2793 unohoro-
1167 2729 1322 2789 ordinarie
1342 2729 1418 2790 solet
1438 2730 1566 2809 adjungi
1585 2729 1741 2791 sufficiens
1765 2731 1921 2811 promeae
1965 2771 1966 2784 .

347 2819 428 2895 logio
442 2821 481 2882 sit
500 2821 606 2882 audita
628 2823 676 2883 11.
693 2828 724 2883 et
743 2841 807 2883 non
827 2824 858 2883 in
879 2823 986 2900 altero,
1013 2832 1119 2886 manet
1166 2821 1221 2895 tio,
1250 2821 1325 2882 bino
1350 2821 1410 2882 dici
1439 2823 1527 2897 solet,
1560 2823 1644 2901 quod
1671 2841 1710 2884 ex
1737 2825 1921 2884 communiter

346 2912 492 2990 obligatio
510 2914 631 2986 orandi,
657 2915 731 2994 quia
744 2915 795 2976 lex
808 2921 892 2976 certa
906 2917 1071 2978 orandiest
1084 2919 1118 2978 in
1168 2914 1419 2992 contingentibus
1448 2915 1488 2974 sit
1526 2915 1664 2994 prudens
1712 2915 1919 2995 presumptio:

346 3003 548 3084 possessione,
567 3012 598 3068 et
615 3007 769 3069 excusatio
793 3009 833 3068 ob
857 3011 1047 3089 praeteritam
1068 3014 1115 3072 12.
1169 3005 1241 3065 hinc
1254 3005 1327 3086 itep.
1342 3007 1391 3066 45.
1408 3004 1442 3066 de
1457 3005 1529 3087 liep.
1541 3007 1624 3066 Jirrr's
1636 3011 1669 3067 irr
1681 3010 1714 3070 6.
1730 3009 1776 3069 ait
1794 3028 1801 3067 :
1817 3005 1920 3088 Inspici-

347 3103 393 3159 est
405 3098 502 3160 dubia
518 3119 525 3160 :
542 3115 560 3160 a
574 3105 680 3162 contra
694 3102 719 3162 si
731 3108 799 3162 tum
813 3103 914 3163 adhuc
928 3103 1052 3180 biben's,
1064 3109 1119 3164 aut
1168 3115 1232 3156 vetit
1248 3097 1424 3170 irrobsrnrr's,
1438 3095 1516 3178 thd
1529 3106 1572 3159 0⁸5
1585 3099 1794 3174 vsstt'ti'tttt'lt'sstr
1810 3094 1922 3180 1811111

347 3191 528 3266 comederis,
553 3193 668 3271 poteris
688 3212 755 3253 cres
778 3195 1018 3268 communicare,
1044 3197 1117 3275 quia
1166 3189 1341 3270 plerumque
1352 3189 1423 3270 fieri
1436 3191 1599 3252 comesti.

347 3281 472 3344 libertas
486 3288 541 3345 tua
565 3290 610 3344 est
633 3285 666 3345 in
690 3288 892 3366 possessione,
908 3295 939 3349 et
951 3289 1116 3368 probibitio
1207 3283 1299 3343 “Scit
1311 3291 1410 3346 contro
1431 3291 1483 3360 est,
1501 3283 1596 3364 inquit
1613 3283 1747 3346 Concreto
1772 3287 1810 3346 T.
1834 3285 1917 3346 5111.

347 3375 454 3436 dubia.
471 3376 610 3456 Denique
624 3377 649 3438 si
664 3379 704 3438 sis
720 3379 752 3439 in
775 3381 854 3456 loco,
868 3381 922 3441 nbi
935 3381 1057 3441 nullum
1072 3387 1118 3442 est
1168 3375 1280 3435 Christ·
1309 3395 1341 3456 p.
1372 3378 1431 3438 118
1453 3376 1525 3457 quio
1536 3376 1748 3458 promulgatio
1763 3377 1920 3459 cornepcitcr

347 3465 555 3547 horologium,
571 3475 602 3529 et
613 3473 739 3544 nescies,
757 3491 797 3532 an
819 3474 859 3533 sit
872 3479 995 3554 tempus
1009 3475 1117 3536 mediae
1168 3465 1270 3546 1696171,
1282 3487 1351 3547 02'90
1364 3475 1461 3528 certus
1479 3467 1514 3528 dt
1530 3469 1601 3548 1090.
1621 3469 1683 3530 niti
1699 3469 1806 3532 habeo!
1823 3468 1916 3532 evilim·

346 3561 446 3622 noctis
467 3581 575 3636 necne,
602 3563 628 3622 si
641 3565 742 3624 adsint
752 3566 924 3644 probabiles
934 3568 1117 3646 conjecture
1167 3563 1219 3635 tes,
1242 3566 1294 3620 ort
1320 3560 1421 3620 saltem
1444 3560 1664 3641 protelationes
1691 3563 1831 3640 rationes,
1848 3581 1918 3644 oppo

345 3669 414 3733 pro,
432 3653 482 3715 vel
495 3661 611 3731 contra,
632 3655 681 3717 bae
696 3657 811 3718 habent
825 3660 889 3719 vim
903 3660 1076 3737 lrorologii;
1092 3661 1117 3719 si
1165 3651 1256 3710 situm
1266 3657 1438 3732 evincentes,
1452 3659 1618 3734 presumat
1641 3673 1793 3716 aerenum
1816 3653 1918 3734 estlrpir

346 3745 422 3807 tales
441 3747 625 3827 conjectures
653 3748 763 3822 absint,
789 3757 893 3811 manet
910 3749 1054 3826 dubium,
1085 3751 1116 3810 in
1165 3742 1443 3823 prornulpotiooeot.
1483 3746 1560 3806 Orbi.
1603 3753 1699 3808 antec.
1740 3747 1917 3829 promclpntr'r

346 3856 409 3917 quo
421 3839 573 3901 utendum
594 3841 652 3901 erit
665 3843 883 3904 communibus
897 3841 1023 3921 regulis,
1040 3843 1116 3903 Vide
1166 3835 1357 3915 consequitur
1369 3853 1481 3918 semper
1494 3846 1523 3898 et
1534 3841 1696 3900 messario
1714 3839 1916 3922 repensare.

346 3929 627 3994 nicaenenses.
645 3935 714 3994 185.
1165 3928 1300 4007 aequiter
1317 3928 1503 4009 pterurnpoc,
1532 3937 1561 3991 ct
1587 3949 1647 3992 non
1675 3943 1835 3994 mensorio
1854 3951 1915 3993 carc.

263 4041 321 4104 587
390 4023 423 4098 Q.
441 4025 491 4086 st.
505 4025 545 4085 Si
559 4024 619 4098 tec,
633 4024 679 4085 eei
687 4031 865 4105 precaeptum
876 4043 932 4084 non
946 4009 1115 4086 deterrrrriret
1165 4027 1244 4096 ont,
1260 4028 1286 4080 et
1295 4039 1368 4102 nepo
1380 4027 1624 4104 consequentiam.

347 4121 466 4196 tempas,
498 4116 684 4197 quandonam
706 4116 827 4197 impleri
848 4113 970 4178 debeat?
990 4120 1031 4178 R.
1057 4119 1116 4179 Ubi
1205 4125 1232 4203 §.
1262 4127 1292 4187 3,
1321 4127 1356 4186 ln
1381 4126 1489 4204 dubio,
1520 4147 1561 4188 an
1582 4129 1634 4190 lex
1662 4131 1703 4192 sit
1731 4151 1792 4194 usu
1818 4137 1914 4210 recepti

347 4206 412 4268 dies
425 4212 676 4290 nonapponitur,
688 4210 1113 4290 necdeterminaturtcmpus,
1165 4235 1273 4294 necne,
1289 4217 1402 4279 Bonae.
1421 4221 1535 4280 Sanch.
1552 4227 1583 4282 et
1605 4223 1659 4283 alii
1671 4225 1781 4287 dicunt
1794 4223 1915 4307 presumi

347 4302 535 4363 censendum
555 4308 611 4379 est,
632 4303 853 4382 obligationem
872 4320 936 4362 esse
961 4319 1017 4381 pro
1037 4321 1117 4382 pree·
1164 4309 1288 4387 debere,
1305 4311 1389 4389 qnod
1406 4313 1445 4372 sit
1462 4320 1596 4393 recepte,
1622 4321 1695 4376 tum
1719 4319 1794 4398 quia
1814 4319 1915 4394 delego

347 4391 436 4461 senti,
451 4409 505 4455 seu
518 4395 620 4473 primo
634 4412 759 4474 qnoque
779 4401 930 4474 tempore,
949 4411 1011 4473 quo
1031 4413 1115 4456 oom-
1165 4408 1303 4478 constat3
1319 4423 1393 4483 ergo
1408 4423 1464 4484 pro
1484 4425 1521 4466 ee
1541 4412 1586 4468 est
1601 4411 1766 4488 possessio,
1787 4419 1851 4472 tum
1863 4408 1916 4490 quie

347 4486 438 4545 mode
450 4482 573 4566 impleri
584 4489 709 4567 poterit,
726 4488 772 4548 nti
786 4493 905 4549 constet
919 4505 958 4547 ex
975 4487 1044 4568 Hep.
1064 4491 1113 4549 14.
1164 4495 1272 4555 delinit
1281 4513 1339 4555 usu
1353 4498 1450 4576 recipi
1465 4517 1472 4572 ;
1490 4517 1563 4578 ergo
1579 4506 1834 4580 presumendum
1846 4509 1883 4564 est
1893 4499 1915 4560 id

346 4575 381 4654 ff.
395 4575 430 4636 dc
444 4577 516 4657 Rep.
526 4579 612 4658 juris
629 4598 635 4638 :
651 4581 710 4640 nisi
723 4581 808 4640 uliud
824 4579 985 4659 colligatur
1005 4597 1042 4640 ex
1057 4579 1115 4640 oir-
1164 4586 1291 4662 iactum,
1305 4590 1441 4650 maxime
1455 4609 1528 4651 cum
1542 4592 1574 4652 id
1589 4594 1776 4676 plerumque
1789 4597 1915 4659 tiericus

347 4671 549 4744 cnmstantiis,
574 4672 647 4750 quia
670 4671 744 4733 alias
755 4679 858 4752 posset
870 4673 938 4752 quis
948 4691 1069 4751 semper
1081 4673 1115 4734 in
1164 4681 1314 4741 sucverit:
1330 4688 1463 4742 econtra
1487 4683 1575 4744 azor.
1601 4687 1699 4764 Sales,
1712 4689 1822 4750 Dicast.
1837 4709 1865 4749 n.
1877 4687 1913 4748 38.

346 4761 487 4822 futurum
501 4779 598 4841 usque
613 4764 652 4824 ad
662 4771 794 4825 mortem
808 4783 897 4826 suam
918 4763 1042 4826 differre
1056 4767 1114 4826 im·
1163 4778 1288 4848 negant,
1304 4773 1378 4853 quia
1391 4775 1516 4853 qrrerrdo
1526 4776 1688 4840 dubitatur
1705 4781 1744 4842 de
1753 4782 1912 4862 receptione.

346 4853 523 4932 plotionem,
544 4861 575 4916 et
588 4855 631 4918 sic
644 4856 768 4918 eludere
782 4858 895 4936 legem,
915 4858 965 4917 vel
979 4875 1114 4938 praecep·
1164 4864 1323 4926 dubitatur
1336 4865 1373 4926 dc
1388 4885 1436 4942 eo,
1462 4886 1502 4928 an
1520 4868 1572 4929 lex
1594 4885 1739 4950 unquam
1758 4871 1912 4953 obligaverit

345 4951 424 5006 tum.
450 4943 555 5007 Videri
576 4952 676 5027 potest
698 4950 839 5026 ltu-Bois,
869 4949 908 5010 ed
928 4967 1052 5029 propos.
1075 4952 1114 5011 eb
1164 4975 1277 5032 nerum
1292 4975 1366 5037 ergo
1381 4977 1446 5019 non
1460 4958 1520 5034 lex,
1535 4961 1701 5041 sedpotius
1714 4961 1913 5028 libertasestlo

344 5039 433 5100 Alex.
446 5037 512 5101 Vll.
529 5041 689 5102 damnatas
700 5061 767 5122 cap.
784 5045 814 5103 2.
830 5043 936 5116 crt.·.”r,
952 5041 1006 5101 nbi
1018 5041 1114 5104 insius
1164 5050 1375 5128 possessione:
1398 5051 1522 5112 videtur
1542 5059 1649 5115 tamen
1664 5075 1732 5119 esse
1754 5059 1914 5136 distinguer

345 5133 377 5192 id
390 5133 501 5212 probat
514 5151 552 5194 ex
562 5131 644 5211 jure,
662 5138 692 5194 et
705 5135 836 5196 ratione.
1164 5141 1332 5219 dum,nam
1341 5141 1366 5202 si
1376 5143 1489 5204 sittslis
1499 5144 1561 5219 lex,
1572 5147 1613 5207 ed
1624 5147 1912 5228 cujusobligetionen

263 5229 322 5288 588
387 5224 421 5298 O.
438 5228 487 5286 85.
506 5224 546 5287 Si
560 5243 633 5286 novo
649 5225 833 5295 leremonet,
851 5227 1112 5310 obfirmetproete-
1162 5232 1320 5312 legislator
1337 5236 1534 5316 praemqrririt
1553 5243 1798 5320 acceptationem
1815 5239 1909 5323 populi,

347 5313 476 5376 1111181
495 5324 618 5379 emanet
641 5319 793 5398 perviam
812 5318 1037 5398 declarationis,
1053 5339 1114 5383 res·
1162 5330 1198 5384 ut
1211 5343 1293 5406 saepe
1319 5327 1355 5387 fit
1373 5328 1406 5388 in
1427 5328 1550 5408 legibus
1571 5331 1726 5412 civilibus,
1749 5332 1910 5416 probabilior

345 5404 428 5483 picit,
441 5413 471 5467 et
480 5407 682 5471 firmatetiam
695 5411 863 5491 praeterita,
879 5413 925 5473 nti
939 5419 1022 5476 recte
1033 5413 1112 5476 Luca
1161 5435 1227 5478 esse
1241 5419 1364 5480 videtur
1375 5422 1510 5482 secunda
1525 5425 1696 5504 sententia;
1717 5429 1742 5488 si
1755 5434 1851 5489 autem
1861 5439 1908 5485 noo

344 5493 380 5555 dc
393 5497 494 5580 Berrep‘.
511 5499 606 5561 1519.
623 5521 652 5562 rr.
675 5505 724 5564 sb.
740 5505 813 5582 quia
826 5509 949 5566 tantum
963 5507 1111 5568 maniles·
1162 5509 1300 5590 indigeat
1314 5513 1522 5592 acceptatione
1532 5517 1654 5595 populi,
1670 5517 1908 5596 irrinonindigot
1926 5534 1930 5545 ·

345 5589 400 5663 tet,
418 5591 502 5670 quod
510 5593 726 5656 antecedenter
735 5596 876 5674 eratjam
889 5599 1108 5660 constitutum:
1161 5600 1903 5693 legesEcclesiasticae,primavideturpraeirttt1td⁸r
