3946 6344
697 443 809 528 alapa
831 443 1035 508 saturnus

90 613 124 674 sit
134 627 212 691 eque
224 615 306 672 certa
315 627 384 690 spes
397 609 488 670 illurn
497 609 639 690 juvandi,
655 628 756 691 nequa
766 629 837 692 gra·
1173 627 1368 694 ADDENDA,

89 705 148 765 vias
170 703 238 764 inde
263 702 381 765 malum
407 703 589 764 immineat:
614 723 645 764 v.
669 723 701 783 g.
726 704 839 765 teneris

89 814 152 859 cam
171 796 238 857 vite
258 795 398 876 periculo
420 794 588 875 baptizare,
609 795 660 858 vel
679 797 838 858 absolvere
930 786 1041 863 ΟΜΝ·
1058 790 1166 850 *Mn
1180 793 1516 872 ‘mamurprowt'mvm
1530 792 1656 876 ‘illicere
1684 805 1742 868 tce

88 889 271 964 moriturum,
291 889 317 949 si
330 889 410 950 alius
423 906 488 950 non
502 887 593 966 adsit,
617 889 672 969 qui
689 890 722 950 id
735 889 836 952 faciat.
887 887 953 940 Mu
967 881 1091 956 rtcerrw,
1104 891 1133 943 θΐ
1148 883 1274 964 [ΟΜΝΗ
1286 889 1302 948 Ρ
1316 887 1412 966 ΒθθΡ·
1439 887 1607 963 Tenemur·
1622 894 1659 951 Ut

88 984 116 1044 S.
129 979 262 1061 duplib.
276 979 415 1042 demeod.
431 982 463 1043 S.
480 982 538 1043 Th.
549 983 620 1044 Μ.
634 1001 664 1064 q.
680 983 834 1046 boaret.
887 973 1148 1055 patebitexseqq·

85 1093 111 1156 q,
121 1076 166 1136 te.
178 1073 289 1153 Regin.
306 1071 330 1134 l.
345 1077 377 1135 4.
393 1091 419 1136 c,
430 1075 481 1136 ιδ,
496 1092 520 1135 s.
535 1077 567 1136 6.
927 1065 954 1145 §.
968 1067 997 1128 l.
1009 1068 1411 1150 Sequentespropositiones
1421 1072 1575 1134 damnatae
1585 1079 1659 1135 sunt

122 1212 141 1245 „
154 1165 230 1242 Dixi,
247 1165 277 1226 io
290 1172 433 1244 ostreno,
448 1184 480 1226 v.
495 1185 526 1246 g.
540 1185 602 1246 qua
615 1171 698 1228 certo
712 1171 840 1247 putetur
888 1157 928 1218 ab
941 1158 1042 1221 Ionoc.
1059 1159 1119 1222 ΧΙ.
1131 1164 1177 1224 lo.
1189 1161 1395 1223 Nootenemur
1403 1164 1577 1245 proximam
1588 1163 1658 1226 dili-

85 1259 238 1319 moriturus
262 1258 296 1320 in
316 1258 450 1329 mortali,
475 1259 548 1338 quja
562 1259 595 1320 in
608 1258 696 1339 gravi
716 1264 839 1320 tantum
887 1260 1030 1330 pereocta
1046 1253 1170 1332 interm,
1185 1262 1213 1316 et
1226 1254 1359 1335 semoti.
1372 1258 1420 1318 ll.
1435 1257 1585 1338 Praecepto
1593 1277 1662 1339 pro-

85 1349 225 1429 ohligatur
247 1351 283 1427 is,
310 1350 419 1430 quiex
441 1350 542 1412 officio
557 1351 692 1413 alienam
707 1352 839 1413 salutem
888 1343 1003 1406 simum
1012 1343 1160 1428 diligendi
1171 1346 1344 1427 satisfacere
1355 1367 1509 1429 possurnos
1517 1368 1574 1431 per
1587 1350 1663 1413 colos

85 1448 171 1518 curat,
184 1448 219 1504 ut
233 1444 409 1519 Parochus;
426 1444 476 1504 cui
489 1444 559 1505 ideo
572 1461 637 1506 nou
651 1444 722 1506 lieet
732 1445 839 1524 fugere
888 1444 969 1496 atleta
983 1445 1127 1500 externos.
1158 1440 1268 1519 ltaque
1296 1447 1416 1502 certum
1439 1447 1495 1520 est,
1520 1461 1577 1504 nos
1597 1462 1662 1505 ιιοιι

84 1539 209 1614 tempore
225 1535 331 1615 pestis,
345 1536 406 1596 nisi
424 1536 589 1596 substituto
605 1555 695 1615 aeque
713 1537 836 1610 idoneo,
888 1529 1061 1592 satisfacere
1082 1540 1235 1612 precepto
1258 1533 1409 1612 diligendi
1431 1535 1620 1614 proximum,
1636 1538 1661 1598 si

88 1627 141 1688 Vel.
158 1630 264 1698 tonali.
276 1627 392 1708 disptt.
402 1648 431 1710 q.
449 1629 477 1688 l.
483 1647 559 1709 pun.
574 1630 604 1689 3.
615 1635 645 1689 at
654 1630 761 1709 Laym.
777 1629 798 1692 l,
810 1649 835 1692 e,
889 1621 918 1682 ei
941 1626 1066 1684 externe
1091 1624 1201 1685 demus
1228 1624 1316 1703 sigua
1342 1625 1520 1688 dilectionis
1541 1628 1567 1687 si
1588 1647 1661 1690 eum

119 1765 138 1795 ‚,
153 1721 206 1780 IV.
220 1721 382 1782 Ordinarie
394 1721 538 1782 nonlicet
549 1722 646 1782 vitam
657 1739 745 1782 suam
758 1728 840 1802 post,
885 1713 1042 1792 juvemus,
1068 1717 1097 1777 ei
1126 1735 1341 1779 succurramus
1368 1719 1515 1788 exterius,
1536 1722 1661 1800 quando

83 1828 186 1890 ponere
207 1813 329 1875 alienae,
345 1814 435 1876 Addo
448 1813 615 1876 ordeum.-
630 1815 704 1894 quia
716 1814 798 1889 lieet,
814 1818 840 1877 si
890 1808 983 1868 estin
997 1809 1187 1878 necessitate,
1204 1810 1257 1871 sed
1270 1816 1419 1891 praeterea
1432 1813 1610 1893 requiritur,
1627 1821 1662 1876 ut

82 1904 116 1963 sit
133 1923 262 1984 persona
281 1906 415 1987 publica,
437 1926 531 1986 aqua
551 1908 687 1969 muttum
711 1909 837 1988 pendet,
889 1898 949 1960 hcc
960 1899 1106 1962 facientes
1120 1902 1404 1965 habeamusaatum
1417 1905 1587 1981 internum,
1599 1925 1661 1986 quo

82 1997 122 2055 uti
134 1998 222 2059 etiam
237 2017 294 2079 pro
309 2001 389 2079 Rep.
405 2017 462 2080 pro
475 1999 547 2066 tide.
563 2000 713 2079 religione
733 2001 839 2063 desen·
889 1992 969 2054 bene
986 1994 1118 2056 velimus
1137 1998 1289 2075 proxima,
1313 1997 1401 2058 sicuti
1420 1998 1504 2058 enim
1517 2004 1662 2060 tenemur
1762 2013 1765 2022 ¹

82 2087 190 2166 denda;
204 2091 270 2152 imo
293 2093 386 2153 etiam
404 2111 461 2173 pro
480 2092 580 2154 amieo
600 2098 727 2172 propter
740 2096 840 2156 Deum
896 2104 952 2146 nos
966 2087 1089 2148 interne
1104 2088 1244 2168 diligere,
1265 2095 1296 2150 et
1314 2090 1404 2150 nobis
1417 2089 1497 2152 bene
1513 2091 1603 2169 velle,
1618 2093 1661 2154 ita

81 2179 191 2260 diecto,
214 2185 298 2246 [ess.
315 2183 336 2248 t,
358 2186 388 2248 c,
402 2205 429 2248 c,
447 2187 477 2246 9,
490 2183 521 2246 d,
538 2187 569 2246 6,
585 2203 617 2246 n,
632 2187 682 2249 27,
699 2188 737 2248 30
750 2195 777 2248 et
788 2189 837 2249 31,
895 2178 990 2239 etiam
998 2184 1143 2242 tenemur
1155 2181 1285 2260 diligere
1293 2183 1482 2262 proximem,
1499 2202 1571 2245 cum
1583 2203 1662 2265 prae·

81 2273 177 2354 leym.
193 2274 215 2338 l.
232 2295 259 2338 c.
274 2297 304 2339 o.
321 2279 351 2338 l.
488 2347 493 2354 ,
894 2276 1018 2351 ceptum
1031 2271 1102 2337 Luc.
1115 2275 1163 2335 tc.
1177 2273 1571 2356 diestllilr'pesproaeimum
1582 2278 1660 2340 sicat

116 2413 136 2444 „
150 2369 245 2450 Resp.
262 2371 304 2431 Il.
326 2371 433 2445 Quoad
445 2370 603 2450 proximos
620 2369 703 2432 inter
715 2388 758 2444 se,
776 2389 839 2432 ser·
892 2369 919 2424 1⁴0
931 2363 1035 2444 ebrum.

80 2460 187 2522 raudus
200 2467 247 2524 est
260 2462 418 2524 hicordo:
436 2466 463 2524 t.
477 2463 536 2537 Qui
549 2462 660 2524 melior
674 2466 730 2536 est,
743 2463 840 2539 magis
930 2455 958 2535 ἓ.
981 2457 1010 2517 t.
1040 2458 1135 2518 Datur
1159 2457 1309 2536 obligatio
1334 2478 1390 2540 per
1415 2478 1459 2536 se,
1489 2465 1520 2522 et
1538 2461 1659 2524 ratione
1685 2467 1743 2527 ΠΟ

79 2550 244 2632 diligendus
258 2561 315 2632 est,
330 2575 367 2618 ea
376 2555 550 2633 dilectione,
566 2573 662 2636 quam
675 2557 841 2618 comitatur
890 2549 1034 2628 precepti
1047 2549 1211 2612 Charitalis
1222 2550 1262 2610 ad
1275 2551 1466 2632 diligendum
1480 2554 1659 2633 proximum

79 2646 220 2723 gaudium
247 2648 327 2710 eirca
349 2647 432 2708 bona
448 2666 598 2729 possessa,
625 2648 701 2710 item
725 2649 837 2726 honor,
889 2647 960 2701 actu
986 2642 1129 2719 interno,
1154 2648 1184 2704 ct
1210 2643 1355 2722 formali,
1382 2645 1504 2707 nullum
1531 2646 1660 2707 omnino

79 2736 183 2815 cultus,
200 2745 232 2801 et
248 2740 433 2818 reverentia,
458 2741 512 2818 sic,
527 2759 559 2802 v,
575 2759 606 2819 g.
622 2741 693 2821 plus
705 2741 839 2822 diligen.
890 2733 1094 2812 excludendo,
1122 2736 1176 2796 sed
1200 2734 1236 2797 in
1258 2737 1426 2800 universali
1448 2755 1557 2800 omnes
1578 2757 1661 2802 com·

79 2828 131 2890 dus
144 2837 187 2893 cst
199 2833 250 2894 vir
268 2839 402 2910 sanetus
422 2851 517 2913 quam
535 2851 648 2914 parens
665 2834 836 2914 improbus.
889 2825 1061 2907 plectendo,
1090 2827 1184 2890 etiam
1211 2828 1366 2905 inimicos,
1396 2831 1440 2894 ita
1462 2849 1570 2893 omnes
1588 2850 1660 2894 cum

78 2921 175 3000 Ratio,
189 2925 263 3006 quia
273 2931 319 2988 est
331 2927 432 3006 magis
445 2926 630 3005 conjunctus
644 2945 716 2988 cum
729 2929 838 3007 praei·
892 2918 925 2980 S·
941 2919 1051 2980 Th0m·
1066 2921 1095 2980 ἲ·
1111 2921 1141 2980 ²·
1157 2939 1187 3001 t·
1204 2922 1254 2982 35·
1270 2929 1331 2982 ⁰²4·
1347 2923 1377 2985 8·
1397 2923 1428 2983 ὑὶ
1444 2923 1478 2992 0·
1494 2925 1587 2985 3⁸5⁰
1602 2931 1658 3002 8³12

77 3031 134 3093 puo
148 3017 268 3098 objecto
284 3018 461 3094 charitatis,
480 3020 564 3098 quod
578 3025 626 3081 est
639 3021 744 3081 Deus:
760 3021 839 3083 Item
890 3011 964 3089 quia
989 3022 1185 3092 praeoeptunl
1210 3013 1372 3075 Charitafis
1398 3014 1538 3076 ab80luto
1565 3015 1657 3086 dicit.

77 3115 210 3186 parantes
232 3111 341 3190 magis,
360 3129 455 3191 quam
468 3111 534 3185 filij,
550 3111 600 3173 vel
612 3131 710 3188 mem-3
726 3113 839 3192 magis.
890 3100 1005 3183 Dilipee
1017 3103 1206 3183 proximum,
1223 3123 1284 3166 vox
1297 3111 1403 3168 autem
1416 3107 1479 3179 illa,
1493 3108 1658 3188 proximus,

77 3215 131 3278 que
150 3201 371 3281 benefactores,
392 3222 485 3283 quam
500 3204 533 3281 ii,
554 3204 667 3285 quibus
686 3204 839 3267 benefeci·
890 3195 1374 3278 0⁰mplesstitur⁰m11esejusdom
1389 3199 1551 3262 nobiscum
1563 3200 1662 3263 becti-

76 3307 150 3368 mus,
165 3296 273 3376 Lflym,
292 3295 314 3357 l,
331 3313 357 3359 ρ,
373 3315 403 3358 η,
418 3297 447 3358 5,
466 3301 495 3358 et
508 3299 539 3357 6,
555 3315 660 3357 eomm,
672 3298 701 3358 2,
719 3297 838 3377 Appre.
889 3287 1009 3349 tudinis
1023 3307 1158 3369 capaces,
1175 3291 1270 3354 etiam
1285 3291 1436 3355 inimicos.
1455 3294 1661 3367 Quandonam

75 3383 182 3460 dative,
203 3392 235 3450 et
258 3387 422 3450 dilectione
442 3389 840 3469 ea‚quaa1teriopramus
890 3398 976 3458 vero,
993 3387 1024 3442 et
1046 3401 1142 3462 quam
1157 3401 1238 3464 sape
1251 3384 1356 3464 repeti
1377 3385 1487 3446 debeat
1508 3386 1662 3450 illadilec-

74 3473 185 3538 bonum
194 3480 338 3541 nondum
350 3498 525 3560 possessum
536 3498 610 3542 cum
623 3481 836 3561 beneficentia,
891 3473 936 3534 tio
947 3474 1093 3553 proximi,
1114 3475 1153 3537 dc·
1166 3477 1223 3538 illo
1236 3477 1315 3538 nihil
1329 3483 1375 3539 est
1399 3478 1598 3558 declaratum,
1611 3481 1661 3542 vel

74 3571 165 3648 magis
182 3571 333 3652 diligendi
353 3579 427 3634 sunt
445 3573 478 3650 ii,
500 3572 657 3653 quinobis
677 3580 751 3635 sunt
764 3593 839 3636 oon·
891 3582 1083 3645 expressum,
1115 3569 1167 3629 sed
1203 3588 1276 3632 cum
1306 3574 1335 3632 l.
1358 3571 1439 3632 Petri
1460 3575 1490 3633 l.
1524 3571 1659 3649 dicatur,

71 3659 245 3738 junctiores,
270 3666 372 3744 quoad
390 3685 427 3726 ea
444 3664 539 3742 bona,
558 3683 629 3746 quae
647 3671 719 3727 sunt
736 3666 841 3729 dehita
890 3657 1029 3720 Mutuom
1054 3661 1087 3721 io
1114 3661 1327 3744 vodr'smetrpaia
1362 3661 1537 3725 charitatem
1564 3665 1661 3725 conti·

73 3754 122 3814 tali
135 3757 357 3837 conjunctioni,
376 3764 407 3819 et
420 3758 453 3819 in
467 3758 580 3838 quibus
592 3760 660 3821 haec
678 3759 836 3824 tundatur.
889 3769 979 3812 mmm
991 3749 1134 3822 '‘⁰⁶0'‘le
1149 3755 1275 3816 Videtur
1289 3755 1402 3836 ⁰⁰ffi8b
1423 3756 1507 3836 ‘lim
1518 3755 1660 3836 frequen·

78 3843 156 3910 Uno
168 3849 304 3911 resolves.
890 3848 939 3904 ter
955 3843 1123 3906 eliciendus
1142 3846 1181 3908 sit
1198 3847 1249 3908 ille
1268 3853 1364 3923 actus,
1387 3854 1441 3910 aut
1454 3849 1538 3928 quod
1549 3849 1657 3911 saltem

111 3986 132 4016 „
154 3943 178 4003 I.
194 3942 231 4003 In
241 3941 331 4004 bonis
343 3942 570 4023 pertinentibus
582 3944 621 4004 ad
633 3948 792 4017 naturam,
809 3949 840 4006 et
889 3936 924 3996 in
936 3935 991 3996 illo
1007 3938 1102 4001 semel
1119 3937 1221 4000 elicito
1232 3940 1272 4002 sit
1287 3941 1461 4003 virtualiter
1470 3958 1656 4022 permanen·

72 4031 163 4095 vitam
177 4035 370 4116 corporalem
385 4036 638 4110 conservandam,
655 4054 839 4098 succurren-
890 4028 976 4092 dum·

72 4123 143 4186 dum
152 4132 198 4188 est
212 4126 310 4210 (extra
321 4127 533 4190 necessitatem
543 4127 724 4210 extremam)
738 4129 839 4208 primo
929 4123 1003 4203 §.'3.
1019 4125 1089 4187 Non
1101 4127 1146 4184 est
1155 4140 1210 4204 per
1219 4140 1252 4184 se
1266 4122 1423 4203 obligatio,
1440 4130 1476 4185 ut
1488 4125 1657 4205 diligantur

72 4219 220 4298 omnium,
237 4221 346 4294 uxori;
362 4219 435 4300 quie
451 4225 497 4281 est
510 4238 574 4280 una
587 4239 659 4281 caro
673 4238 745 4281 cum
758 4221 836 4284 viro.
889 4216 1004 4296 singuli
1021 4217 1061 4278 in
1084 4215 1243 4277 individuo
1268 4216 1415 4296 proximi,
1441 4236 1514 4279 nam
1534 4219 1572 4280 de
1597 4219 1657 4282 hoc
1682 4196 1736 4256 ΓΗ

71 4311 100 4368 2.
111 4310 204 4372 Filiis.
222 4313 252 4374 3.
270 4311 463 4390 Parentibus,
479 4317 510 4373 et
529 4312 657 4392 quidem
672 4312 756 4373 Patri
774 4331 839 4393 pree
889 4309 1014 4370 nullum
1027 4313 1111 4370 extat
1119 4312 1320 4388 praereptum,
1336 4312 1367 4369 et
1379 4309 1481 4389 reipsa
1489 4315 1535 4371 est
1545 4311 1658 4392 impos

72 4407 178 4466 matre.
198 4410 230 4466 t.
253 4405 419 4480 Fratribus,
442 4404 610 4482 sororibus,
633 4403 745 4466 deinde
762 4424 838 4486 pro·
889 4400 996 4476 sibile3
1020 4399 1224 4462 nihilominus
1241 4400 1411 4480 requiritur
1423 4402 1458 4463 in
1475 4403 1565 4464 nobis
1578 4423 1658 4484 pras-

72 4494 217 4575 pinquis,
246 4497 441 4572 domesticis,
469 4501 500 4556 at
525 4495 739 4558 familiaribus.
770 4497 839 4559 Dixi
888 4492 1009 4572 partio
1019 4493 1125 4570 animi,
1142 4499 1177 4554 ut
1186 4493 1284 4573 parati
1296 4494 1391 4554 simus
1402 4494 1540 4573 singulos
1563 4497 1657 4559 etiam

70 4595 154 4650 extra
179 4597 343 4650 eetremom
368 4588 586 4663 necomitatem,
619 4589 693 4669 quia
720 4589 754 4649 in
780 4590 839 4651 hac
888 4585 1031 4648 mimicos
1055 4585 1204 4664 diligere,
1230 4584 1255 4645 si
1277 4587 1406 4664 occasio,
1430 4588 1480 4649 vel
1495 4589 1657 4652 necessitas

70 4685 222 4756 parentes,
234 4699 270 4744 eo
283 4680 368 4760 quod
377 4679 473 4741 vitam
485 4679 639 4758 dederint,
654 4679 837 4760 praeferendi
888 4677 1082 4757 pasturae.
1102 4675 1155 4738 ΤΙι.
1171 4695 1277 4758 supro.

70 4777 141 4832 sunt
153 4773 249 4834 etiam
263 4772 365 4849 uxori,
382 4777 412 4832 et
422 4771 527 4833 liberis
543 4791 551 4848 ;
567 4773 674 4852 Laym.
691 4771 757 4833 ibid
767 4773 836 4834 ad.
927 4769 956 4850 ᾖ.
972 4773 1001 4831 l.
1020 4771 1054 4831 Si
1068 4769 1176 4830 odium
1189 4770 1283 4849 hujus
1296 4789 1428 4833 numero
1447 4774 1589 4852 proximi,
1607 4777 1656 4838 vel

72 4869 99 4920 et
112 4865 143 4925 6.
888 4861 1041 4924 discordia
1064 4863 1178 4924 dimitti
1203 4881 1268 4924 non
1295 4857 1402 4943 possit,
1431 4883 1528 4945 quam
1555 4868 1580 4928 si
1605 4869 1657 4930 hic
1681 4865 1739 4926 lte

109 5001 131 5032 ,‚
159 4957 198 5018 ll.
225 4957 258 5018 lu
281 4956 375 5018 rebus
397 4956 623 5037 pertinentibus
650 4956 690 5018 ad
716 4957 838 5018 civilem
888 4972 1021 5016 numero
1036 4955 1182 5034 diligatur
1202 4960 1273 5016 actu
1298 4956 1432 5030 interno,
1459 4963 1490 5018 et
1515 4957 1653 5037 lormali;

71 5049 395 5124 communicationem,
411 5048 836 5130 praelerendisuntconcives3
888 5048 947 5108 erit
964 5065 1019 5129 per
1042 5048 1186 5110 accidens
1207 5047 1356 5127 obligatio
1379 5050 1418 5110 ad
1432 5049 1516 5112 hunc
1529 5051 1571 5113 sic
1584 5052 1654 5114 dili·

70 5137 103 5200 in
123 5140 258 5217 bellicis,
281 5141 506 5204 commilitones
520 5163 528 5218 ;
557 5144 591 5202 in
614 5141 836 5222 spiritualibus,
888 5141 1037 5220 gendum,
1053 5159 1125 5202 cum
1139 5141 1224 5202 enim
1238 5145 1323 5202 actus
1336 5141 1476 5204 internus
1489 5144 1521 5204 in
1533 5145 1581 5206 his
1595 5147 1654 5208 cir-

71 5233 245 5312 spirituales
257 5234 324 5308 lilii,
339 5240 452 5314 patres,
463 5233 583 5296 fratres.
601 5233 720 5296 Boonez
736 5239 838 5297 tamen
886 5234 1080 5295 eumstantiis
1095 5234 1134 5294 sit
1143 5235 1271 5295 unicum
1290 5234 1428 5295 medium
1443 5236 1483 5296 ad
1496 5237 1655 5317 deponen-

70 5325 272 5404 probabiliter
295 5327 396 5402 docet,
415 5331 558 5406 parentes
576 5325 723 5402 carnales,
747 5327 839 5388 etiam
888 5327 964 5388 dum
973 5326 1034 5388 tale
1047 5327 1164 5402 odium,
1181 5327 1265 5406 quod
1275 5325 1344 5406 quis
1351 5328 1486 5406 graviter
1500 5329 1655 5409 obligatur

71 5418 104 5476 in
117 5419 343 5498 spiritualibus,
365 5419 434 5479 aliis
454 5417 599 5479 omnibus
618 5417 835 5499 preferendos.
887 5421 1053 5500 deponere,
1074 5423 1158 5499 patet
1171 5437 1235 5481 esse
1252 5419 1473 5498 obligationem
1487 5422 1655 5486 adhibendi

71 5509 145 5588 quia
175 5511 353 5591 conjunctio
377 5511 509 5572 earnalis
536 5516 582 5572 est
603 5510 839 5573 fundamentum
888 5511 966 5573 illud
988 5511 1148 5573 medium:
1174 5509 1228 5591 qui
1250 5511 1333 5572 enim
1356 5515 1480 5572 tenetur
1493 5513 1532 5574 ad
1546 5513 1652 5593 finem,

72 5605 207 5665 aliarum
221 5603 488 5684 conjrmotionum.
501 5605 540 5665 V.
556 5605 662 5684 Laym.
680 5602 703 5664 l.
718 5622 745 5666 c.
888 5609 1013 5666 tenetur
1026 5604 1065 5666 ad
1076 5603 1216 5666 medium
1230 5603 1452 5666 necessarium.
1469 5605 1616 5670 Similiter
1627 5610 1653 5671 si
