4200 6348
603 454 653 516 DE
672 453 778 516 tonis
798 452 965 516 MORALIS
986 453 1226 516 subornata.
1675 457 1712 516 37

132 621 216 690 mate,
241 621 295 677 aut
323 617 566 696 quomodolibet,
594 620 687 682 stiam
714 622 747 682 in
773 621 894 702 scriptis
944 619 1087 706 discrassia
1114 637 1212 699 usque
1239 619 1278 680 ad
1300 619 1381 680 bano
1406 619 1489 680 diem
1513 619 1714 700 infrascriptis

134 709 288 786 enrlgatos,
304 710 355 772 vel
368 711 402 773 in
415 719 574 793 posterum
588 715 892 794 evulgandos,Sanc-
945 712 1219 792 Propositionibns‚
1250 731 1342 792 super
1365 731 1551 793 unaquaque
1574 714 1713 794 ipsarum

133 804 196 864 titas
205 805 264 866 Sua
274 806 405 866 omnino
418 806 589 876 damnatos,
606 813 636 868 et
649 807 819 887 prohibitos
828 826 892 868 esse
943 824 999 867 sna
1017 805 1163 886 suffragia
1185 807 1343 868 Sanctitati
1361 825 1425 866 suae
1446 806 1602 886 sigillatim
1623 825 1715 890 expo

131 895 232 972 voluit,
262 904 355 978 prout
382 901 528 979 presenti
554 901 680 962 Decreto
707 901 844 970 damnat,
863 907 894 962 at
944 905 1084 960 suerunt.

130 989 277 1070 probibet.
984 995 1008 1054 1.
1034 993 1134 1052 Homo
1153 992 1240 1053 nullo
1260 1010 1400 1071 unquam
1414 993 1485 1053 vitae
1499 1011 1563 1054 suae
1575 998 1715 1070 tempore

166 1083 314 1146 blandana
328 1090 363 1144 ut
382 1103 475 1148 nemo
489 1088 709 1167 cujuscumque
723 1089 848 1166 medus.
864 1094 894 1150 et
943 1090 1067 1146 tenetur
1079 1086 1187 1146 elicere
1199 1092 1303 1146 actum
1315 1086 1406 1161 Fidei,
1419 1086 1501 1166 Spei,
1511 1092 1541 1146 et
1551 1086 1715 1146 Charitatis

129 1177 311 1238 conditionis
325 1180 445 1254 existat,
463 1180 557 1241 etiam
575 1181 698 1260 speciali
711 1199 766 1242 seu
777 1182 894 1262 speeie·
944 1198 982 1240 ex
995 1180 1026 1239 vi
1037 1187 1264 1259 praeceptorum
1279 1180 1457 1240 divinorum
1471 1179 1571 1240 adeas
1585 1179 1715 1238 virtutes

127 1268 241 1332 lissima
268 1276 343 1332 nota
365 1272 492 1350 diguus,
517 1273 611 1334 libros
638 1274 815 1354 praedictos,
840 1281 895 1337 aut
944 1273 1176 1354 pertinentium.
1192 1272 1268 1332 Vide
1278 1274 1318 1332 La
1331 1273 1421 1333 Groix
1433 1272 1485 1333 lib.
1503 1274 1569 1332 in.
1587 1271 1627 1352 l.)

127 1361 261 1442 aliquem
285 1382 323 1424 ex
348 1363 409 1425 illis
427 1366 509 1445 apud
531 1385 563 1428 se
585 1366 716 1428 retineat
732 1374 786 1427 arat
800 1367 892 1447 legat,
985 1367 1026 1425 Il.
1049 1365 1103 1426 Vir
1129 1365 1277 1445 equestris
1306 1365 1344 1426 ad
1371 1365 1509 1426 duellum
1531 1371 1715 1444 provocatus

127 1475 183 1518 nec
203 1457 394 1538 imprimere,
415 1465 469 1519 aut
489 1458 625 1539 imprimi
649 1479 755 1522 curare
770 1461 892 1538 audeat,
944 1463 1045 1538 potest
1067 1458 1143 1519 illud
1164 1463 1331 1538 acceptare,
1357 1477 1396 1518 nc
1419 1458 1590 1518 timiditatis
1608 1463 1715 1519 uotam

127 1550 183 1610 sub
206 1551 362 1627 censuris,
393 1556 424 1612 et
454 1553 553 1632 poenis
578 1559 686 1614 contra
716 1553 895 1631 hujusmodi
944 1551 1028 1630 apud
1041 1551 1116 1611 alios
1131 1551 1278 1612 incurrat.
1296 1549 1383 1633 (Vide
1397 1551 1541 1612 Lafiroix
1554 1551 1608 1611 lib.
1627 1553 1711 1630 3p.i

127 1643 340 1724 delinquentes
357 1645 490 1720 statutis,
511 1646 564 1706 sed
588 1647 680 1707 etiam
703 1648 895 1726 apraesentis
944 1662 977 1703 n.
990 1641 1072 1725 835.)

128 1737 895 1818 necreunautia,qtueumqueilloshahueritloeo
985 1736 1042 1796 III.
1080 1736 1238 1796 Sententia
1270 1753 1427 1806 asserens,
1460 1736 1581 1796 Bullam
1613 1738 1714 1798 Caenea

127 1848 196 1890 ram
211 1830 391 1908 ordinariis,
407 1831 894 1912 seulnquisitoribusconsignare
945 1829 1046 1889 solum
1074 1828 1238 1908 probibere
1265 1829 1490 1889 absolutionem
1519 1829 1654 1898 haeresis,
1686 1837 1716 1890 et

130 1929 281 1986 teneatur.
946 1920 1079 1982 alionum
1099 1922 1275 1996 criminum,
1306 1923 1430 1999 quando
1450 1921 1572 2001 publiea
1586 1928 1669 1996 sunt,
1686 1929 1716 1984 ei

946 2009 978 2070 id
992 2029 1057 2071 non
1070 2011 1219 2090 derogare
1242 2011 1379 2071 facultati
1402 2011 1586 2088 Tridentini,
1607 2012 1641 2071 in
1656 2031 1717 2092 qua

491 2084 529 2145 V·
946 2103 984 2163 de
999 2103 1123 2164 occultis
1137 2104 1320 2165 criminibus
1338 2122 1439 2164 sermo
1454 2110 1509 2180 est,
1527 2123 1610 2166 anno
1626 2107 1714 2182 1629,

949 2197 986 2256 l8
999 2195 1076 2256 tulii
1089 2196 1122 2256 in
1135 2196 1321 2256 Consistorio
1343 2197 1443 2258 Sacrae
1466 2197 1528 2257 Con
1551 2215 1584 2257 re
1625 2199 1718 2258 tionis

288 2251 543 2324 ALEXANDRI
576 2249 729 2324 DIVINA
947 2288 1271 2350 Eminentissimorum
1286 2289 1496 2350 cardinalium
1509 2215 1632 2366 ἐωξὶ
1643 2291 1718 2352 tole-

946 2386 1013 2442 rata
1026 2387 1083 2442 est.
1101 2380 1188 2463 (Vide
1204 2383 1352 2443 Ledroix
1366 2383 1387 2442 l.
1403 2384 1423 2443 6
1437 2401 1503 2462 par.
1522 2385 1541 2442 ἓ
1562 2401 1595 2443 n.
1614 2382 1715 2468 tuat.)

174 2447 550 2536 PROVIDENTIA
590 2447 748 2536 PAPAE
791 2447 866 2534 Vll
987 2475 1042 2534 IV.
1066 2475 1186 2536 Praelati
1198 2475 1354 2553 regulares
1368 2481 1496 2556 possunt
1510 2476 1543 2535 in
1561 2475 1628 2535 foro
1642 2495 1717 2536 con-

946 2566 1082 2627 scientiae
1097 2567 1255 2628 absolvere
1271 2585 1482 2646 quoscumque
1504 2569 1665 2629 saeculares
1678 2569 1718 2632 ab

390 2651 636 2723 DECRETUM
946 2659 1057 2720 haeresi
1093 2661 1231 2736 occulta,
1270 2666 1301 2720 et
1330 2661 1370 2720 ab
1397 2662 1717 2724 excommunicatione

141 2794 207 2854 Prius
228 2799 359 2858 adversus
384 2796 580 2878 propositiones
605 2795 849 2879 281acandalosas,
869 2802 896 2852 et
946 2757 1072 2832 pmpter
1108 2771 1178 2816 eam
1206 2754 1339 2815 incursa·
1377 2754 1464 2835 (Vide
1489 2753 1637 2816 La'cmix
1663 2756 1715 2816 Ubi

355 2869 524 2942 perniciosas
539 2883 567 2924 rn
581 2882 669 2940 praxi.
715 2877 717 2882 ’
946 2843 1063 2926 supra.)
1423 2939 1429 2950 ¹

986 2941 1024 2999 V.
1043 2940 1189 3013 Quamvis
1205 2939 1362 3000 evidenter
1376 2939 1432 2999 tibr
1446 2944 1573 3012 constet,
1592 2941 1718 3001 Petrum

241 3023 326 3086 Ferro
348 3021 482 3086 Vticae
497 3019 676 3101 Septembris
694 3021 781 3084 1665.
947 3049 1011 3092 esse
1034 3031 1226 3108 haereticum,
1252 3050 1317 3092 non
1341 3033 1455 3093 teneris
1478 3032 1677 3110 denunciare,
1693 3035 1719 3094 si

946 3125 1078 3205 probare
1105 3145 1170 3186 nou
1198 3124 1305 3205 possis.
1338 3124 1425 3207 (vide
1450 3125 1602 3186 ba-Croix
1624 3126 1718 3190 libi

176 3211 425 3274 smeustmusn.
439 3210 478 3271 N.
493 3207 620 3276 cradivit,
630 3225 694 3268 nou
704 3207 769 3268 sine
782 3223 896 3286 magno
948 3235 1037 3279 num,
1053 3217 1136 3299 Μ)

145 3306 281 3366 animisui
293 3321 438 3380 moerore,
448 3299 898 3382 compluresopinioncsChris·
988 3312 1043 3370 VI.
1061 3310 1278 3386 confessarius,
1294 3310 1394 3389 quiin
1411 3311 1632 3372 Sacramentaii
1644 3313 1719 3373 Con-

146 3397 224 3460 tianae
249 3397 416 3478 disciplinae
440 3395 639 3462 relaxativffl·
667 3397 698 3453 θῑ
719 3391 897 3454 animarum
946 3402 1077 3464 lessione
1108 3403 1218 3464 tribuit
1251 3403 1416 3483 paenitenti
1450 3403 1589 3463 chartam
1614 3411 1719 3483 postea

147 3493 300 3570 perniciem
316 3489 499 3563 inferentes3
519 3487 634 3568 partim
653 3486 827 3566 antiquatas
840 3486 896 3548 itc-
946 3495 1121 3574 legendam,
1150 3497 1184 3556 in
1207 3513 1268 3575 qua
1289 3495 1329 3556 ad
1348 3496 1503 3555 Venerem
1521 3497 1638 3572 incitat,
1654 3516 1719 3558 non

92 3572 94 3611 ³
148 3602 206 3646 rum
226 3585 373 3662 suscitari,
402 3581 517 3663 partim
543 3580 665 3642 noviter
688 3578 837 3660 prodire:
867 3589 899 3640 et
948 3595 1090 3650 censetur
1104 3589 1319 3650 sollicitassein
1333 3588 1719 3669 Confesstonaacproinde

95 3686 98 3705 ¹
148 3695 284 3742 summm
316 3677 403 3738 illim
437 3673 664 3735 luxuriantium
699 3670 898 3750 iflssssssl⁰lum
948 3687 1077 3743 nonest
1098 3679 1719 3762 denuntiandus.(videta-Crotalus

148 3770 284 3836 licentiam
298 3772 333 3834 in
348 3769 412 3832 dies
426 3767 524 3846 magis
538 3783 722 3840 excrescere,
733 3783 789 3844 per
804 3782 897 3844 quam
948 3793 1037 3836 num,
1053 3773 1136 3856 effi)

149 3864 269 3927 iurebus
278 3865 317 3926 ad
329 3858 781 3939 conscicntiampertinentibus
788 3859 898 3920 modus
989 3870 1060 3928 vll,
1077 3868 1185 3928 Modus
1199 3865 1349 3927 evadendi
1363 3865 1583 3944 obligationem
1600 3867 1720 3929 denun-

150 3957 277 4038 opinandi
289 3957 413 4036 irrepsit
425 3955 544 4016 abenas
561 3952 690 4012 Omssiss0
704 3952 743 4011 ab
759 3952 897 4030 Effinge·
949 3961 1067 4023 ciaudae
1082 3959 1305 4021 sollicitationis
1314 3963 1370 4034 cst,
1389 3959 1414 4019 si
1430 3958 1608 4020 sollicitatus
1622 3963 1718 4022 conli-

150 4051 195 4114 lica
206 4051 404 4132 simplicitate,
425 4048 670 4123 Sanctorumque
684 4045 811 4105 Patrum
825 4045 897 4106 doc·
947 4059 1050 4116 teatin
1086 4071 1157 4114 cnm
1188 4051 1386 4119 sollicitante,
1417 4051 1468 4110 bic
1492 4057 1592 4130 potest
1615 4054 1719 4134 ipsum

151 4145 227 4222 idua,
249 4150 279 4208 ct
296 4161 366 4224 qua
389 4143 416 4202 si
438 4159 495 4220 pro
515 4143 599 4200 recta
619 4137 728 4216 regula
745 4136 851 4199 fideles
864 4139 917 4206 in.
948 4147 1106 4208 absolvere
1129 4145 1244 4223 absque
1271 4161 1365 4204 onere
1386 4143 1606 4205 denunciandi.
1632 4147 1719 4227 (Vide

150 4240 222 4317 pren
232 4241 444 4320 sequerentur,
459 4234 568 4312 ingena
574 4232 729 4310 irreptare
741 4235 820 4290 esset
828 4231 899 4292 vitae
949 4234 1308 4318 L3.cr011100001t3t0,)

150 4331 310 4394 Christian&
320 4327 495 4406 corruptela
505 4344 512 4385 ²
524 4325 624 4398 Quare
635 4341 675 4384 ne
686 4322 750 4383 Ull⁰
759 4340 898 4402 uuquam
989 4334 1078 4394 VllI.
1095 4331 1289 4412 Duplicatum
1301 4329 1488 4409 stipendium
1502 4336 1603 4409 potest
1617 4333 1721 4394 Sacer-

149 4429 270 4506 lempore
283 4424 367 4484 uam
385 4419 504 4494 salutisa
521 4433 615 4497 quam
632 4433 774 4495 suprema
788 4417 899 4478 veritas
951 4425 1006 4486 dos
1027 4445 1082 4506 pro
1106 4425 1215 4486 eadem
1237 4425 1328 4483 ltlissa
1348 4423 1431 4482 licite
1450 4423 1599 4502 accipere,
1619 4427 1718 4505 appli-

151 4517 227 4594 lteus,
251 4517 338 4595 cujus
364 4512 457 4574 verba
480 4511 514 4570 in
533 4513 685 4570 aeternum
703 4513 897 4588 permanent,
949 4517 1046 4580 cando
1074 4517 1191 4597 petenti
1208 4521 1329 4595 partem
1357 4515 1452 4575 etiam
1471 4515 1720 4595 specialissimam

151 4616 249 4672 auam
261 4604 488 4678 essedeiinivit,
501 4601 720 4664 inanimarum
731 4602 900 4681 perniciem
948 4609 1064 4672 fructus
1082 4612 1205 4690 ipsimet
1230 4608 1396 4669 celebranti
1411 4611 1715 4688 correspondentem‚

152 4701 263 4780 muri,
283 4719 339 4762 seu
359 4698 462 4760 verius
476 4695 609 4776 perverti
622 4695 803 4772 contigeret,
817 4695 900 4755 idem
949 4701 1041 4782 idque
1064 4706 1132 4782 post
1155 4702 1316 4761 Decretum
1336 4698 1452 4758 Urbani
1465 4698 1544 4759 Vlll.
1562 4697 1649 4782 (Vide
1663 4702 1719 4762 La-

153 4793 348 4858 Sanctissimus
374 4794 411 4853 Ι).
441 4790 479 4852 N.
504 4793 539 4850 ut
557 4805 629 4849 oves
648 4787 705 4848 sibi
718 4788 848 4848 creditas
861 4787 900 4848 ab
950 4795 1040 4857 croix
1049 4794 1103 4853 lib.
1116 4795 1225 4872 opert.
1242 4793 1260 4851 i
1275 4809 1363 4851 num.
1381 4788 1462 4874 rao.)

154 4887 284 4965 eiusnodi
298 4887 443 4968 spatiosa,
458 4883 593 4962 lataque,
609 4899 773 4960 perquam
787 4881 848 4942 itur
862 4878 901 4941 ad
991 4888 1048 4947 IX.
1063 4886 1133 4946 Post
1147 4887 1310 4945 Decretum
1321 4883 1438 4944 Urbani
1449 4888 1549 4962 potest
1561 4885 1718 4960 Sacerdos,

156 4981 351 5058 perditionem,
364 4978 425 5056 via,
440 4993 497 5056 pro
513 4973 658 5036 Pastorali
667 4973 902 5034 solicitudinem
951 4981 1002 5042 cui
1024 4979 1122 5040 Missae
1144 4977 1333 5038 celebrandae
1352 4976 1530 5050 traduntur,
1555 4995 1611 5057 per
1624 4978 1721 5038 alium

158 5073 402 5136 manentum
420 5073 571 5144 evocaret,
588 5067 768 5128 carumdem
782 5065 901 5146 opinio·
952 5071 1123 5134 satisfacere
1146 5071 1256 5131 collato
1281 5070 1326 5130 illi
1346 5068 1467 5129 minore
1482 5069 1644 5148 stipendio,
1661 5072 1721 5131 alia

160 5180 221 5224 num
242 5183 370 5226 emman
393 5161 533 5243 pluribus
561 5161 595 5222 in
626 5178 711 5220 sacra
735 5159 903 5238 Theologia
952 5170 1040 5246 parte
1065 5163 1208 5244 stipendii
1229 5162 1287 5224 sibi
1309 5166 1439 5222 retenta.
1468 5161 1554 5241 (Vide
1572 5163 1720 5223 La-Croix

162 5255 472 5334 accusatoremne
486 5253 750 5320 Eminentissimis
767 5257 799 5313 et
810 5254 904 5314 lieve-
952 5259 1068 5320 ibidem
1083 5277 1115 5317 n.
1133 5255 1213 5336 tao.)

164 5348 330 5410 notissimis
353 5349 390 5409 l).
411 5349 446 5408 D.
469 5345 794 5407 Gurdinalibuscontra
807 5346 905 5406 haere
993 5352 1030 5412 X.
1047 5351 1117 5410 Non
1139 5354 1185 5409 est
1207 5353 1314 5409 contra
1333 5347 1485 5426 justitiam
1503 5363 1559 5424 pro
1581 5346 1722 5424 pluribus

168 5436 241 5498 ium
257 5441 432 5519 pravitatem
450 5438 650 5500 Generalibus
670 5439 904 5518 Inquisitoribus
955 5443 1108 5505 sacrificiis
1129 5440 1318 5521 stipendium
1341 5439 1477 5518 accipere
1496 5443 1526 5498 et
1539 5439 1722 5500 sacrificium

171 5529 472 5609 succumbimus
483 5534 602 5592 tantum
611 5531 771 5610 negotium
780 5537 905 5593 strenue
953 5553 1053 5596 cruram
1077 5535 1207 5596 olierre:
1233 5551 1334 5611 neque
1351 5532 1443 5592 ctiam
1465 5535 1510 5589 est
1528 5535 1634 5591 contra
1647 5533 1724 5594 fide·

177 5622 905 5704 cureat,eiqueseduloincumbentes,etmatu1e
953 5621 1722 5705 litatem,etiamsipromittem,promissioucetiam
