3992 6344
319 375 379 438 652
1018 375 1068 436 DE
1096 373 1209 437 VOTO.

321 541 398 622 quod
409 541 490 604 docet
499 542 537 604 P.
562 541 728 604 Lu-Crotbr.
751 540 787 602 In
801 541 853 602 boc
867 541 943 602 enirn
957 540 1090 622 opusculo
1138 557 1307 621 parvorum
1319 545 1475 614 votorum,
1498 558 1568 620 quaa
1580 558 1619 601 ex
1632 541 1761 602 diversis
1775 545 1900 603 occasio

320 633 356 694 de
370 634 508 708 landate,
537 634 647 715 rigore,
676 633 809 708 ueritate,
824 642 853 694 et
874 632 1009 712 falsitate
1023 651 1088 693 sen-
1139 633 1231 694 nibus
1257 633 1307 694 uel
1329 633 1443 694 lintheis
1462 633 1697 712 promittuntur.
1723 633 1898 696 HincSuar.

323 727 480 789 tentiarum
498 726 582 787 nullo
609 725 691 787 modo
712 724 862 807 disputare
887 723 1022 786 decrevi:
1045 745 1092 787 eas
1140 725 1240 786 Rhod.
1268 727 1401 786 ilenricx
1427 726 1541 806 aliique
1564 744 1637 787 cum
1657 727 1799 806 Castrop.
1827 727 1860 788 Τ.
1873 731 1899 788 t.

322 836 418 879 omnes
431 818 576 900 relinquo,
590 823 623 878 ut
633 818 823 879 eumluristis
832 817 944 898 lupum,
957 818 990 878 iu
1000 833 1091 878 aranu
1138 815 1169 876 d.
1185 819 1214 878 i.
1230 837 1265 898 p.
1282 820 1313 878 9.
1326 836 1356 878 n.
1374 821 1420 879 tt.
1437 821 1555 897 negant
1567 818 1645 878 tales
1655 819 1803 880 materias
1813 821 1900 896 uniri,

323 927 389 980 ouo.
404 910 464 972 Sed
477 909 822 986 dico,oocem1anncnnn
836 907 919 970 valde
933 909 1092 970 inmantare
1139 909 1259 970 etiamsi
1295 913 1396 970 essent
1429 910 1567 988 ejusdem
1598 910 1740 987 1111101113,
1776 911 1901 991 ideoque

321 1002 505 1082 sententiam,
522 1021 589 1084 que
599 1001 723 1084 proinde
737 1021 793 1062 uon
807 1009 848 1062 est
859 1001 968 1062 sineere
982 1001 1086 1063 relatu.
1138 1000 1246 1062 dicunt
1271 1001 1442 1062 omittendo
1470 1021 1602 1079 omnes,
1636 1001 1758 1082 peccari
1785 1009 1902 1065 tanuun

325 1094 514 1169 Quamobrem
536 1102 628 1175 posset
651 1095 688 1156 P.
707 1094 834 1157 Consiua
848 1092 1001 1173 aliquanto
1023 1093 1089 1154 lon-
1137 1093 1309 1161 venialiter,
1323 1095 1406 1173 qnod
1416 1093 1604 1156 DianaRes.
1621 1095 1671 1155 54.
1680 1094 1757 1155 dicit
1765 1113 1832 1158 csse
1843 1115 1904 1176 pin

320 1187 386 1266 pices
409 1187 583 1267 propulsare
611 1185 797 1248 rancidulam
821 1185 997 1262 contionari,
1023 1203 1089 1266 quse
1138 1183 1250 1246 babila.
1276 1186 1370 1246 Ratio
1393 1191 1449 1261 cst,
1473 1186 1646 1264 qsiiamans
1666 1187 1811 1248 voventis
1831 1207 1904 1250 nam-

321 1278 478 1359 seepissime
491 1277 586 1340 adbuc
599 1285 640 1339 est
651 1280 682 1338 iu
692 1283 841 1358 proximo.
1138 1295 1233 1356 quam
1245 1276 1305 1338 fuit
1326 1296 1358 1338 se
1379 1277 1516 1356 obligare
1534 1277 1681 1356 graviter,
1697 1279 1752 1340 sed
1765 1278 1837 1341 facit
1850 1281 1904 1342 sin·
1972 1302 1977 1323 ¹

364 1369 462 1432 Obiter
474 1369 528 1431 lnoc
551 1369 681 1431 adverto.
698 1371 735 1432 P.
761 1369 893 1434 Consiua
920 1367 972 1429 loc
986 1368 1015 1428 in
1029 1368 1089 1429 loco
1138 1369 1212 1448 gula
1235 1374 1307 1430 vota
1332 1369 1496 1448 separatim
1515 1368 1555 1429 ab
1578 1369 1664 1430 aliis:
1689 1388 1765 1450 ergo
1785 1372 1903 1434 violatio

321 1466 429 1542 carpit,
441 1462 553 1544 etjure
565 1463 665 1542 carpit
678 1462 800 1524 Patrem
823 1459 990 1533 ta-Cratn
1011 1459 1091 1540 quod
1138 1461 1231 1520 unius
1241 1479 1305 1521 non
1315 1466 1416 1540 potest
1427 1479 1540 1540 augere
1552 1461 1753 1524 violationem
1766 1465 1901 1526 alterins:

320 1571 376 1632 pro
387 1571 438 1612 suo
453 1556 594 1615 sementia
613 1573 671 1616 non
685 1554 751 1614 bene
775 1552 911 1614 citaverit
937 1551 1091 1612 Tamluri·
1139 1553 1220 1615 Huic
1243 1554 1403 1614 sententiae
1426 1572 1491 1614 non
1513 1554 1677 1634 acquiescit
1699 1557 1809 1618 Ovied.
1835 1561 1861 1618 1.
1875 1561 1901 1620 2.

322 1663 406 1705 num.
431 1645 474 1706 Et
499 1645 648 1707 concludit
670 1645 723 1707 lnoc
747 1645 835 1727 proni
855 1644 986 1718 monito,·
1015 1645 1090 1704 Hauc
1141 1646 1175 1706 Τ.
1190 1649 1220 1707 6.
1237 1651 1368 1706 controv.
1384 1647 1414 1707 3.
1431 1665 1461 1707 n.
1484 1648 1552 1707 137.
1569 1647 1622 1707 sed
1637 1647 1681 1707 sic
1693 1647 1903 1728 distinguite

323 1751 438 1796 cuman
467 1755 683 1800 nncsssnnrsn
725 1753 847 1798 ananum
880 1752 1027 1796 surerenas
1060 1753 1090 1796 tu
1138 1741 1210 1798 vcta
1223 1737 1302 1798 iacta
1315 1738 1377 1798 sint
1385 1756 1424 1798 ex
1433 1737 1560 1799 disemis
1573 1738 1708 1814 motivis,
1719 1759 1750 1801 v.
1760 1759 1794 1819 g.
1810 1761 1902 1806 unum

322 1845 425 1890 roura.
441 1829 522 1910 Rapo
536 1831 674 1898 Lectores,
704 1837 736 1890 nt
759 1827 976 1909 dilipenterloc
997 1829 1092 1888 moni&
1139 1828 1179 1888 ad
1203 1829 1356 1890 bonorem
1378 1830 1532 1890 Passionis
1559 1830 1680 1906 Christi,
1707 1831 1843 1896 aunum
1869 1837 1900 1896 ad

323 1925 385 1980 turn
400 1923 548 1983 memorien
570 1922 718 1998 mandent,
740 1922 810 2004 quia
824 1939 1019 2002 saepenumero
1034 1926 1091 1982 eric
1139 1918 1291 1982 honorem
1303 1923 1336 1983 B.
1359 1921 1507 2000 Virginis,
1526 1922 1653 1983 tertium
1667 1941 1725 2004 pro
1741 1925 1899 2004 Defunctis,

323 2013 399 2073 usai,
1140 2023 1197 2072 etc.
1214 2016 1355 2091 quamvis
1380 2013 1517 2075 materiae
1540 2013 1603 2074 sint
1615 2015 1756 2093 ejsudem
1770 2021 1898 2095 radoan,

363 2103 454 2166 ⁶Hoe
472 2107 620 2168 citationes
646 2105 685 2167 od
709 2106 887 2187 superiorem
919 2104 1090 2166 sententiam
1139 2121 1167 2164 n.
1185 2123 1215 2182 g.
1238 2107 1380 2184 quamvis
1401 2123 1509 2166 omnes
1531 2107 1594 2167 sint
1616 2108 1823 2185 precationes,
1836 2112 1899 2172 dicit

323 2197 609 2280 spectant,adquam
624 2197 860 2260 illosretulirnns.
1139 2195 1340 2274 obligationes
1373 2215 1438 2258 non
1473 2197 1647 2258 continuari
1677 2217 1735 2259 nec
1765 2204 1898 2264 meuriss

240 2295 299 2355 tes
364 2287 391 2366 §-
408 2290 458 2350 at.
485 2291 518 2350 Si
540 2292 609 2371 quis
634 2291 761 2351 diversis
784 2290 864 2350 votis
887 2288 1006 2350 vovent
1032 2305 1089 2366 pro
1139 2287 1233 2364 uniri,
1249 2288 1457 2368 ideoqueiore
1472 2294 1595 2350 tantum
1617 2289 1709 2368 plura
1723 2292 1898 2366 conatast

323 2380 431 2441 eadem
446 2381 495 2442 die
510 2383 623 2442 multas
642 2381 784 2443 materias
798 2382 891 2456 leves,
915 2398 985 2459 qrtae
998 2379 1090 2439 simul
1138 2395 1247 2440 omnes
1265 2379 1327 2440 illae
1353 2380 1490 2442 materiae
1513 2381 1623 2442 eodem
1647 2381 1698 2442 die
1711 2383 1895 2462 omittantur,

323 2477 453 2552 sumptae
482 2473 596 2535 iaciant
622 2491 760 2553 gravem,
788 2470 897 2534 Saucia.
922 2479 951 2533 el
976 2471 1085 2548 Bmuac.
1139 2471 1211 2549 qnia
1224 2472 1277 2532 ubi
1291 2478 1364 2532 suut
1384 2472 1518 2533 distincti
1541 2472 1631 2546 fines,
1645 2472 1688 2532 ibi
1703 2474 1895 2538 dabentren-

322 2563 429 2624 dicunt
454 2565 520 2626 fore
546 2567 688 2642 mortale,
707 2566 732 2626 si
753 2567 947 2637 omittantur,
970 2563 1089 2624 etiamsi
1138 2563 1200 2622 seri
1217 2564 1358 2624 distincta
1374 2569 1446 2624 vota
1460 2569 1491 2624 at
1503 2565 1541 2625 ad
1554 2564 1689 2626 invicem
1702 2566 1895 2645 impertinen-

322 2655 458 2716 materiae
483 2657 543 2718 iltae
568 2663 669 2718 assem
689 2658 817 2718 diversas
837 2655 978 2731 rationis,
1002 2673 1032 2715 v.
1046 2653 1085 2734 ,g
1137 2654 1179 2714 tia
1191 2673 1230 2716 :e
1255 2660 1363 2716 contra
1382 2655 1409 2714 si
1428 2654 1506 2716 iacta
1521 2656 1584 2715 sint
1603 2674 1642 2716 ex
1655 2657 1766 2718 eodem
1780 2661 1893 2735 motivo,

321 2747 435 2825 partim
457 2751 622 2823 orationes,
646 2750 759 2829 partim
782 2750 996 2827 eleemosyna,
1017 2749 1090 2825 quia
1137 2746 1257 2807 etiamsi
1280 2747 1416 2808 materiae
1439 2747 1501 2807 sint
1523 2746 1652 2808 diversas
1665 2749 1807 2826 rationis,
1832 2753 1895 2813 dicit

321 2855 429 2899 omnes
449 2840 596 2902 videntur
618 2841 702 2902 uniri
722 2841 756 2901 in
775 2841 845 2917 hoc,
868 2839 952 2918 quod
970 2840 1089 2900 ratione
1137 2837 1325 2900 censendum
1358 2857 1438 2913 asse,
1475 2839 1559 2918 qnod
1591 2843 1657 2900 tota
1687 2842 1819 2902 materia
1849 2863 1897 2924 per
1982 2913 1983 2922 ἵ

308 2929 384 3008 ¹voti
402 2931 542 2993 substent
560 2933 662 2994 eidem
682 2933 792 2993 virtuti
807 2931 993 3006 Religionis:
1014 2949 1088 3012 ergo
1137 2931 1266 2992 modium
1288 2931 1383 2991 innius
1405 2931 1613 3010 promittatur.
1631 2937 1662 2990 et
1675 2950 1792 2994 vovens
1804 2935 1897 2998 volue-

320 3023 511 3085 eonstituunt
536 3043 632 3086 unam
655 3025 817 3086 materiam
842 3040 988 3102 greum,
1023 3041 1087 3084 non
1135 3022 1176 3082 rit
1189 3022 1459 3084 seindivisibititer
1476 3023 1516 3082 ad
1530 3023 1635 3082 omnia
1655 3023 1810 3102 obtigere,
1824 3047 1853 3088 a.
1866 3047 1893 3108 g.

319 3112 407 3174 aliter
424 3133 460 3176 ac
482 3117 508 3177 si
530 3117 622 3177 unico
642 3122 715 3178 voto
734 3121 836 3177 assant
856 3115 1024 3194 promissoe,
1041 3115 1087 3177 uti
1136 3113 1244 3193 siquis
1264 3115 1297 3176 in
1320 3113 1456 3194 periculo
1476 3113 1630 3193 naufragii
1657 3117 1745 3195 prins
1773 3120 1897 3182 vonaset

321 3203 486 3290 (inquiunt)
502 3210 528 3270 si
542 3211 612 3288 quis
625 3209 745 3270 homini
759 3207 949 3288 promisisset
960 3206 1087 3268 diversis
1136 3205 1271 3283 quotidie
1294 3223 1383 3268 orare
1408 3206 1584 3280 Rosarium,
1612 3212 1721 3285 postea
1738 3209 1773 3269 in
1797 3213 1895 3274 men
1981 3287 1982 3290 Ἴ

319 3296 437 3360 vicibus
464 3302 568 3380 plures
600 3301 683 3362 levas
710 3317 858 3374 summas,
887 3315 956 3378 qnae
993 3298 1086 3360 simul
1135 3297 1271 3375 periculo
1315 3303 1442 3358 voveret
1482 3297 1621 3375 quotidie
1651 3299 1736 3379 ¹darc
1777 3306 1897 3384 pauperi

317 3397 451 3469 sumpta
475 3392 663 3454 conficerent
676 3407 832 3469 magnam,
848 3398 987 3470 peccaret
999 3409 1084 3450 mor·
1134 3388 1274 3452 medium
1286 3389 1491 3469 Imperialcm,
1503 3393 1594 3468 putat
1605 3389 1662 3450 has
1675 3395 1822 3455 materias
1836 3415 1897 3457 coa-

316 3479 419 3542 taliter
428 3483 612 3563 negligendo
629 3502 746 3546 omnes.
764 3485 836 3543 Haec
856 3482 1008 3544 sententia
1020 3499 1084 3543 uon
1133 3479 1258 3558 lescera,
1273 3481 1348 3561 quia
1363 3480 1510 3541 ultimum
1523 3486 1632 3542 votum
1645 3489 1712 3542 erat
1726 3488 1815 3564 quasi
1831 3489 1897 3549 rati·

316 3571 440 3634 uidetur
453 3577 668 3638 universaliter
681 3576 825 3638 sustineri
837 3593 936 3654 posse,
947 3575 1084 3652 alioquin
1133 3571 1235 3634 ficatio
1249 3579 1280 3635 et
1301 3579 1508 3652 augmentum
1529 3573 1651 3653 prioris,
1677 3575 1820 3657 adeoque
1833 3581 1900 3642 ulti-

317 3667 489 3729 mottaliter
501 3675 640 3748 peccaret
651 3667 863 3740 Beneficiatns,
879 3667 932 3744 qui
947 3665 996 3726 die
1008 3665 1084 3727 festo
1134 3683 1221 3726 mum
1231 3665 1898 3749 videbaturtendereinutrnmqueobjectun

316 3775 429 3836 parum
444 3762 599 3823 omitteret
616 3763 654 3822 de
680 3761 784 3836 Horis,
795 3777 907 3839 parum
925 3758 963 3818 de
980 3759 1082 3836 Missa,
1133 3775 1188 3836 per
1203 3759 1332 3820 modum
1349 3757 1455 3833 unius,
1471 3758 1554 3819 unde
1568 3759 1670 3820 siuns
1686 3760 1737 3822 die
1751 3765 1899 3826 omitteret

316 3867 430 3927 parum
444 3853 481 3913 de
495 3853 564 3914 aliis
575 3854 851 3914 Orationibusvoto
861 3850 1030 3931 promissis,
1042 3851 1085 3911 ita
1134 3867 1173 3909 ex
1193 3855 1323 3930 utraque
1349 3850 1482 3911 materia
1509 3855 1574 3911 tam
1599 3853 1746 3931 multum,
1776 3860 1813 3916 nt
1834 3857 1898 3918 inde

316 3947 421 4003 tamen
433 3949 470 4004 ut
489 3946 595 4006 omnia
617 3945 711 4006 simul
736 3949 860 4024 sumpta
873 3946 974 4002 essent
987 3947 1086 4002 mate-
1133 3940 1298 4000 resultaret
1305 3939 1436 4000 materia
1449 3940 1558 4015 gravis,
1571 3947 1660 4019 putat
1672 3941 1740 4004 fore
1754 3946 1896 4007 mortale:

316 4033 364 4092 ria
389 4037 501 4112 gravis,
528 4037 603 4115 qnia
617 4037 685 4098 haec
704 4036 809 4098 omnia
832 4033 972 4096 substant
985 4033 1086 4094 eidem
1135 4029 1220 4090 addit
1244 4051 1273 4092 n.
1301 4031 1495 4110 cassianis
1517 4033 1699 4111 procedam
1718 4034 1772 4096 dic
1799 4045 1898 4098 noscat

317 4125 424 4187 virtuti
446 4128 622 4207 Religionis,
651 4129 711 4189 boc
733 4133 837 4188 anatem
862 4143 954 4187 nemo
979 4124 1083 4200 dieet;
1134 4122 1258 4183 Missam
1278 4123 1397 4199 ausina,
1420 4141 1509 4183 orare
1524 4124 1703 4202 Rosarium,
1729 4127 1806 4189 dare
1825 4130 1896 4191 etec-

317 4216 403 4290 item,
420 4219 445 4278 si
464 4220 615 4297 ejusmodi
629 4221 767 4281 materiae
780 4219 929 4297 lanesper
941 4218 1001 4278 hoc
1014 4217 1086 4276 nni·
1135 4231 1309 4294 mosynam,
1335 4219 1393 4276 etc.
1413 4215 1486 4276 licat
1511 4215 1618 4278 fecerit
1641 4235 1680 4278 ex
1698 4217 1813 4281 affectu
1833 4239 1898 4300 erga

317 4315 426 4370 rentur
439 4311 471 4372 in
486 4312 594 4374 ordine
608 4313 646 4374 ad
654 4311 899 4374 constituendam
909 4327 1005 4370 usnam
1017 4327 1087 4387 gra·
1135 4307 1281 4368 eumdem
1294 4306 1413 4369 cultum
1427 4308 1580 4384 divinum,
1602 4327 1667 4369 non
1677 4310 1747 4371 ideo
1761 4315 1899 4376 mannas
1977 4339 1979 4378 ;

317 4418 399 4478 vem,
413 4403 486 4480 quia
503 4404 643 4465 substant
657 4405 757 4466 eidem
774 4403 881 4464 virtuti
893 4401 1060 4480 Religionis
1076 4420 1082 4460 :
1134 4397 1201 4458 illas
1215 4400 1311 4472 uniri,
1326 4416 1428 4479 neque
1441 4417 1480 4461 ax
1499 4401 1618 4462 levibns
1629 4403 1773 4481 partibus
1788 4407 1899 4466 omisis

318 4509 391 4572 ergo
415 4496 554 4556 similiter
572 4497 676 4576 plures
698 4496 836 4558 materiae
856 4511 963 4572 graves
985 4493 1087 4554 eidem
1135 4490 1370 4552 conllarinnam
1391 4509 1531 4570 gravem,
1557 4495 1632 4572 quia
1653 4496 1810 4558 motivum
1830 4498 1898 4558 illud

317 4586 425 4646 virtuti
450 4586 625 4649 substantes
648 4589 741 4650 ctiam
755 4589 904 4649 uniantur
928 4585 1086 4646 inordina
1134 4583 1320 4662 generaleet
1336 4583 1506 4644 mediatum
1527 4584 1695 4664 Religionis
1709 4605 1776 4648 non
1790 4591 1899 4651 estsni-

318 4675 1010 4742 adconstituendamnnamtantummateriam
1019 4694 1088 4755 gra-
1134 4674 1241 4736 ficiens
1264 4675 1304 4736 ad
1330 4675 1482 4754 eJ'usmodi
1509 4677 1712 4757 obligationes
1729 4683 1897 4758 uniendas3

318 4769 454 4831 viorem:
475 4789 549 4851 ergo
568 4773 770 4834 Beneficiatus
787 4791 851 4834 non
864 4770 1012 4851 peccabit,
1027 4768 1087 4829 nisi
1135 4768 1221 4846 quod
1233 4771 1663 4852 verumputatcnmCastrop.
1676 4773 1800 4835 etiamsi
1809 4781 1899 4836 mnte-

320 4863 410 4923 unico
433 4870 569 4943 peccato,
594 4865 621 4926 si
641 4866 750 4926 eodem
768 4866 860 4926 Festo
881 4863 1003 4923 omittat
1015 4861 1086 4922 Mis-
1135 4860 1190 4921 ria
1206 4860 1265 4920 illae
1280 4860 1409 4922 diversae
1423 4863 1515 4922 unico
1529 4867 1600 4923 actu
1614 4869 1719 4925 essent
1730 4869 1898 4944 promissa,

320 4971 386 5014 sam
400 4959 431 5014 et
444 4955 552 5029 Horas,
563 4957 646 5035 quod
653 4957 766 5018 iterum
779 4973 873 5018 nemo
882 4955 970 5015 dicat.
985 4954 1086 5030 Argu·
1135 4951 1209 5030 quin
1215 4951 1285 5012 talis
1294 4957 1380 5013 actus
1393 4958 1472 5014 esset
1481 4960 1609 5034 propter
1622 4957 1898 5020 materiasdiversa

321 5049 463 5106 mentum
484 5053 590 5108 autem
607 5048 695 5115 illud.
721 5048 805 5128 quod
824 5046 948 5108 adducit
958 5041 1087 5106 Sancbez
1136 5043 1263 5105 radonis
1275 5044 1450 5106 virtualiter
1464 5045 1625 5126 multiplex
1637 5067 1645 5122 ;
1658 5065 1733 5108 nam
1745 5067 1803 5129 per
1814 5055 1901 5112 mate·

320 5136 359 5197 de
378 5138 519 5216 pluribus
537 5140 792 5220 promissionibus
815 5139 933 5201 levibns
947 5134 1087 5218 pecuniae
1136 5135 1334 5197 riasdivarsae
1345 5137 1900 5223 rationisintelligitillas,quaequa1n-

320 5236 421 5296 eidem
432 5236 658 5316 hominifactis,
674 5245 720 5300 cst
732 5239 846 5318 dispar,
862 5237 934 5316 quia
947 5235 996 5319 hac
1010 5249 1085 5312 pro-
1135 5231 1182 5289 vis
1205 5229 1283 5290 torta
1311 5230 1488 5308 pertincant
1515 5230 1555 5290 ad
1578 5233 1723 5294 eamdem
1739 5235 1897 5312 nmen,

320 5328 481 5389 missiones
502 5331 654 5390 uniuntur
668 5349 706 5391 ex
732 5331 794 5392 tine
816 5327 1006 5392 immediato,
1033 5323 1086 5402 qui
1134 5320 1898 5403 tamendiversichgibusproecipisolentntibtin

320 5424 367 5478 est
383 5420 499 5481 utititas
519 5421 608 5482 istius
630 5423 775 5499 hominis,
796 5423 851 5502 qui
869 5417 1088 5500 promissiones
1136 5413 1263 5474 etHorra
1273 5413 1529 5476 cananiamflatc
1540 5414 1644 5477 Ooiedi
1653 5423 1811 5482 senmntia
1823 5439 1898 5501 spec

321 5517 470 5591 acceptat,
494 5514 537 5573 ita
559 5519 664 5576 autem
689 5533 753 5575 non
773 5516 926 5576 ueniuntur
949 5507 1085 5572 materiae
1136 5509 1199 5566 tata
1218 5505 1338 5566 ratione
1356 5505 1477 5568 videtin
1496 5507 1689 5587 probabilior
1705 5511 1897 5576 nihilominus
