3964 6348
666 461 715 523 DE
734 461 999 525 consularium.
1571 464 1629 526 375

58 631 107 694 eibi
129 629 258 694 formare
284 629 518 706 conscientiam,
547 647 611 690 non
640 629 810 692 secundnm
855 633 943 711 jussa
965 631 1180 711 adjudicare,
1209 638 1240 693 et
1265 633 1431 714 procedere
1460 633 1631 693 meandum

58 739 143 796 marn,
164 723 214 784 sed
234 723 410 804 pauitantia
432 723 623 804 opinionem,
646 741 676 784 v.
697 741 728 801 g.
751 723 810 783 boc
860 725 1078 786 conscientiam
1096 725 1283 804 penitentis,
1297 743 1392 805 quam
1409 725 1460 786 bio
1473 724 1555 786 licite
1568 723 1631 786 ior-

59 815 129 872 nudu
144 835 150 870 :
167 817 699 886 Ouamutseraooplnertmptloaem
714 815 749 870 ob
763 813 809 870 ἰν·
860 823 925 880 mat
958 817 1127 879 secundum
1156 819 1317 899 opiniones
1337 837 1408 879 snas
1441 818 1480 880 ab
1501 818 1633 878 Ecclesia

58 913 129 956 mm
154 901 184 954 ia
199 897 248 954 dte
275 898 352 973 sesto
372 914 431 955 erae
445 897 606 954 illicitam:
628 905 726 954 romeu
744 913 810 954 uum
861 910 1037 990 permissas,
1061 915 1092 970 et
1112 915 1194 972 cepto
1217 909 1401 992 probabiles,
1418 915 1453 972 ut
1472 929 1554 990 gaepe
1568 909 1632 970 dic.

57 983 143 1056 opinto
154 998 217 1038 mea
227 987 266 1039 stt
278 985 403 1048 recena.
418 988 449 1040 et
455 985 602 1054 paenitens
612 980 811 1053 protestarer
860 1007 928 1064 mm
938 1008 993 1064 est·

54 1066 393 1168 putetmselr'cilum3aeo
408 1067 812 1163 terreaturopinionemsuum
904 1095 1001 1178 Objic·
1022 1101 1051 1159 3·
1073 1095 1239 1168 poenitens,
1258 1095 1313 1175 qui
1334 1095 1383 1156 die
1397 1093 1472 1156 festo
1490 1112 1556 1155 non
1566 1094 1634 1155 vult
1658 1102 1714 1162 454

57 1147 180 1219 deserere,
200 1155 229 1206 et
251 1166 331 1222 seque
344 1165 450 1222 meam,
467 1167 526 1204 non
540 1165 657 1221 possum
667 1148 814 1219 judicare

57 1239 134 1297 tilam
142 1251 198 1292 erse
206 1233 425 1306 induposz‘tum,
436 1249 505 1306 erqo
516 1239 708 1304 competente
719 1233 813 1303 ipatus
862 1189 1219 1296 ⁰mittf³r⁰ff¹ripti⁰nem
1235 1195 1361 1267 pmpter
1371 1188 1504 1294 mmm*
1520 1203 1633 1248 semul·

58 1320 220 1388 uudtrerr‘m,
237 1333 327 1389 raeque
345 1315 418 1372 ratde·
444 1315 559 1372 licitum
582 1318 622 1370 sil
637 1315 813 1386 obrumpere
864 1280 1112 1360 dumlu‘hfflums
1129 1279 1634 1360 ¹1¹¹⁰dCOHfOSSflTlUShflbetrmss

58 1407 279 1466 Sacramentum,
299 1405 355 1456 act
372 1415 482 1472 uapore
495 1401 561 1470 jus,
575 1395 653 1470 quod
672 1397 713 1452 ad
729 1398 815 1452 anso.
863 1373 931 1434 vult
944 1393 1066 1435 servare
1087 1390 1188 1433 unum
1209 1373 1390 1433 mandatnm
1411 1369 1634 1451 graviteroin-

59 1489 185 1546 tattonem
202 1484 300 1548 dotet,
314 1483 580 1550 leneorotsolaere,·
595 1479 815 1554 praescindendo
864 1483 961 1544 381133
987 1466 1253 1545 ergosecundum
1275 1465 1426 1546 judicium
1455 1461 1637 1525 Confessarii

61 1572 93 1628 ot
108 1569 166 1626 ttlo
183 1570 319 1640 optumae
341 1581 408 1623 meo
425 1565 620 1638 speculativo,
645 1563 766 1636 quattu
787 1579 818 1619 se
866 1565 911 1618 est
931 1559 1147 1639 indispositum
1168 1576 1242 1636 ergo
1265 1575 1337 1620 oum
1357 1557 1396 1618 ad
1411 1555 1638 1617 Confessarium

61 1655 268 1728 capuanense
281 1650 379 1708 tutet.
866 1655 982 1729 spectet
993 1651 1148 1729 judicium
1170 1651 1209 1711 de
1227 1651 1425 1729 dispositione
1445 1647 1636 1728 poenitentis,

13 1738 42 1798 ⁴9
93 1747 162 1808 lust.
177 1747 207 1806 2.
230 1744 373 1816 seientia,
393 1742 468 1822 quid
483 1743 563 1803 circa
576 1739 817 1802 admin'ntretio-
868 1747 1038 1822 nonpotest
1052 1741 1305 1803 eumabsolvere.
1318 1745 1358 1802 R.
1374 1739 1639 1819 Secundumjudi-

60 1857 124 1902 nem
140 1837 331 1900 §aeramenti
350 1835 540 1915 poenitentiae
559 1835 598 1895 sit
625 1833 816 1906 faciendum,
869 1837 964 1912 oium,
993 1836 1077 1914 quod
1106 1835 1312 1896 confessarius
1349 1834 1453 1910 habet,
1489 1839 1639 1913 tanquam

61 1951 116 1994 uon
127 1931 295 2010 requiritur
308 1928 343 1989 in
359 1927 538 2007 prenitente,
555 1926 655 1986 sedin
667 1923 820 1986 Confessa-
870 1926 1091 1999 Confessarius‚
1108 1946 1172 1988 non
1187 1928 1384 1988 uultservare
1396 1943 1495 1987 uinum
1509 1924 1639 1985 manda-

61 2025 110 2100 ria,
124 2041 193 2102 ergo
205 2023 259 2084 hie
270 2020 502 2101 procedendum
512 2023 557 2080 est
566 2019 655 2097 juxta
669 2015 819 2095 cognitio·
868 2023 947 2095 tum,
964 2039 1034 2098 neg.
1058 2021 1229 2081 seeundum
1241 2019 1407 2098 judicium,
1424 2019 1507 2100 qnod
1519 2017 1642 2078 Contes-

61 2135 124 2178 nam
135 2114 328 2186 confessarii⁹
344 2111 604 2192 nonpoenitentis.
622 2111 658 2170 R.
676 2111 756 2186 Ergo
770 2107 821 2168 hic
870 2111 968 2172 sarius
1002 2111 1094 2172 babet
1114 2118 1263 2192 tanquam
1289 2113 1428 2192 priuatus
1452 2110 1640 2189 Theologus‚

61 2208 278 2288 procedendum
297 2211 343 2267 est
358 2205 448 2284 juxto
471 2203 679 2282 cognitionem
701 2199 822 2261 Confes-
871 2221 958 2265 oono.
983 2209 1048 2265 ant.
1078 2211 1109 2265 et
1131 2205 1272 2265 similiter
1297 2205 1453 2286 distinguo
1479 2209 1642 2282 utramque

61 2300 424 2380 surithucperfinentem,
433 2315 459 2357 a.
468 2297 600 2357 huonon
613 2293 821 2375 pertinentem
870 2313 934 2374 seq.
948 2299 972 2356 si
987 2298 1073 2357 enim
1087 2303 1158 2376 agat
1170 2305 1320 2376 tanquam
1333 2295 1554 2372 Conferamus,
1578 2313 1643 2354 non

62 2411 174 2454 neone.
187 2391 326 2471 cognitio
336 2389 588 2451 Coniesssuiibuc
602 2387 761 2466 pertinens
774 2391 821 2446 est
871 2389 963 2449 debet
980 2407 1071 2470 agere
1093 2407 1165 2450 rum
1183 2391 1352 2470 pernitente
1375 2388 1546 2450 secundum
1558 2385 1642 2467 judi·

58 2485 207 2564 judicium‚
225 2485 310 2564 quod
322 2483 373 2543 hio
390 2482 505 2542 habere
522 2480 614 2540 debet
627 2479 665 2540 do
681 2483 772 2552 statu,
791 2481 822 2536 et
873 2481 955 2540 cium
970 2481 1132 2556 directum,
1149 2487 1179 2542 et
1197 2482 1430 2562 speculativum,
1455 2481 1539 2562 quod
1550 2480 1645 2541 habet

62 2579 248 2658 dispositione
271 2575 461 2658 paenitentis,
493 2579 524 2634 et
545 2571 715 2633 secundum
742 2568 823 2630 hano
872 2577 1022 2651 tanquam
1045 2575 1183 2653 privatus
1204 2575 1390 2654 Theologus,
1407 2575 1459 2635 sed
1473 2574 1644 2635 secundnm

63 2672 259 2750 cognitionem
282 2669 416 2731 debetse
432 2666 575 2743 regulare
601 2662 821 2738 confessarius,
874 2663 1035 2741 reflexum,
1058 2671 1089 2727 ct
1108 2667 1287 2746 practicam,
1311 2667 1393 2747 quod
1417 2665 1532 2728 habere
1554 2666 1646 2728 debet

63 2763 179 2844 eiquese
194 2762 377 2824 submittere
386 2759 478 2820 debet
487 2755 822 2837 prenitensquiasson-
874 2761 1022 2835 tanquam
1032 2758 1303 2832 Confessarius‚uti
1312 2777 1399 2820 num.
1413 2759 1484 2820 443.
1497 2759 1644 2840 estexpli-

64 2845 824 2932 buodushocagit,ntludex,etutSuperior;alia
875 2852 989 2909 catum.

64 2944 520 3025 autemoognitiodirectaquam
530 2938 741 3000 Confessarius
754 2943 823 2996 tau-
914 2939 989 3001 lust.
1004 2941 1120 3002 Saltem
1147 2941 1171 3002 si
1193 2941 1317 3003 nonsit
1340 2961 1378 3003 ex
1391 2941 1494 3005 officio
1516 2943 1644 3004 Confes-
1670 2943 1729 3002 tte

65 3053 147 3118 quum
166 3041 304 3119 privatus
325 3033 501 3112 Theologus
524 3031 619 3093 habet
635 3031 674 3091 de
690 3029 826 3107 eoquod
875 3032 973 3093 sarius
986 3051 1051 3094 non
1062 3034 1219 3095 tenebitur
1233 3035 1402 3112 absolvere,
1419 3036 1492 3116 quia
1508 3055 1547 3096 ex
1561 3055 1645 3099 mera

63 3132 173 3212 scriptio
183 3133 233 3192 die
247 3129 323 3190 festo
332 3127 411 3188 taeta
426 3127 466 3187 ob
478 3125 600 3185 lucrum
610 3123 649 3182 sit
659 3121 827 3196 illicita‚est
875 3125 1034 3186 uoluntate
1059 3127 1172 3206 pendet
1197 3128 1263 3206 ejus
1288 3127 1452 3202 absolutio,
1480 3129 1523 3189 itu
1534 3129 1642 3192 Armil.

65 3223 325 3303 bioimpertinens‚
341 3213 826 3281 neoteneturseillisubmittere
876 3217 958 3295 apud
979 3217 1082 3279 Terill.
1099 3217 1157 3280 tie.
1185 3239 1214 3298 q.
1230 3222 1281 3281 23.
1297 3241 1327 3282 a.
1349 3223 1399 3282 48.
1428 3223 1463 3282 R.
1487 3241 1559 3301 neg.
1585 3241 1645 3284 ass.

65 3317 213 3394 pauitans,
229 3314 362 3393 ideoque
381 3312 448 3371 haec
457 3309 594 3387 cognitio
608 3307 648 3368 ad
665 3321 826 3366 summum
876 3313 957 3370 reete
972 3311 1057 3371 enim
1071 3311 1179 3372 dieunt
1190 3313 1306 3374 Victor.
1323 3315 1435 3374 Novar.
1460 3315 1524 3376 Sot.
1541 3333 1646 3394 supra,

65 3409 155 3469 valere
166 3407 280 3488 poterit
291 3423 346 3486 pro
359 3403 530 3482 regulando
545 3399 735 3462 confessario
747 3399 825 3476 ipso,
878 3406 909 3462 et
933 3402 984 3462 alii
1006 3405 1269 3475 communissima,
1292 3407 1343 3466 hio
1364 3425 1428 3467 non
1449 3425 1514 3468 esse
1539 3407 1647 3469 distin-

67 3498 394 3577 siscriberovelitipse
408 3495 559 3569 dielesto,
573 3509 638 3552 non
653 3497 758 3550 autem
771 3505 829 3570 pro
877 3495 1039 3572 guendum
1068 3497 1149 3558 inter
1176 3498 1358 3576 obligatum,
1399 3505 1430 3561 et
1469 3519 1534 3562 non
1569 3500 1649 3560 obli-

67 3593 226 3672 regnlsndo
249 3591 430 3673 poenitente,
456 3587 511 3668 qui
539 3585 624 3646 licite
652 3601 684 3643 se
708 3581 830 3659 regulet
878 3593 986 3665 gotum
1011 3589 1138 3664 audire;
1165 3596 1197 3650 et
1228 3592 1307 3652 ratio
1329 3597 1385 3664 est,
1416 3593 1491 3672 quia
1516 3593 1587 3654 licet
1613 3613 1650 3654 ex

68 3686 227 3747 monadum
240 3701 340 3754 suam,
358 3687 388 3742 et
397 3679 653 3760 gravissimorum
663 3677 830 3734 Doctorum
880 3680 945 3756 ejus
977 3681 1136 3741 voluntate
1167 3683 1299 3761 pendeat
1333 3685 1460 3756 audire,
1494 3684 1519 3745 si
1548 3691 1652 3746 tamen

69 3779 239 3857 opinionem
253 3775 452 3837 contrariam.
879 3769 1042 3836 erudiverit.
1067 3776 1192 3831 tenetur
1215 3772 1383 3846 absoluere,
1409 3773 1483 3852 quia
1497 3773 1652 3834 audiendo

16 3867 51 3930 bt
103 3869 173 3932 last.
187 3872 217 3931 3.
234 3869 316 3931 Ordo
325 3871 426 3927 rectus
435 3865 653 3934 inverteretur,
670 3858 830 3918 situdices
879 3869 1004 3941 perrara
1031 3863 1124 3922 tacite
1151 3863 1346 3942 promiserat.
1380 3871 1412 3926 et
1440 3882 1471 3926 se
1502 3864 1653 3946 obligarat

70 3949 827 4040 tenerenturjudicareseoundumopinionemreo·
880 3953 920 4013 ad
949 3952 1184 4029 absolvendum,
1221 3957 1246 4015 si
1273 3957 1427 4018 inveniret
1454 3957 1651 4038 dispositum,

70 4071 151 4115 rum:
175 4055 251 4116 item
279 4053 305 4112 si
328 4050 459 4112 Ecclesia
482 4052 641 4108 teneretur
663 4042 828 4122 procedere
882 4046 928 4104 uti
953 4043 1067 4105 fatetur
1098 4064 1171 4106 eum
1205 4049 1364 4109 communi
1398 4051 1492 4110 Gerra.
1520 4069 1551 4110 a.
1583 4051 1652 4110 tua.

71 4148 231 4208 erundum
261 4145 423 4225 opiniones
459 4139 665 4201 subditorum.
706 4135 747 4194 R.
779 4133 829 4201 ad,
882 4137 997 4216 poterit
1030 4137 1233 4199 nihilominus
1259 4141 1328 4200 talis
1351 4141 1557 4204 Confesmrius
1590 4163 1655 4204 non

71 4239 193 4304 Quando
213 4238 367 4318 judicium
385 4232 558 4295 instituitur
577 4230 655 4290 circa
674 4226 830 4288 conscien-
883 4229 1046 4307 obligatus,
1058 4232 1260 4308 poenitentem
1269 4250 1409 4307 monere,
1421 4241 1527 4296 utnon
1537 4237 1653 4312 redeat,

71 4330 147 4409 fiam,
161 4335 324 4412 etpeccatu
338 4329 404 4403 Rei,
425 4327 472 4386 uti
491 4325 527 4384 fit
541 4324 580 4384 ad
598 4320 749 4382 Tribunal
770 4319 835 4379 Poe-
884 4322 943 4382 nisi
968 4321 1042 4382 velit
1065 4323 1157 4402 dirigi
1184 4325 1356 4386 secundum
1384 4329 1515 4390 alteram
1535 4330 1654 4409 opinio-

72 4422 210 4498 uitentise‚
225 4429 300 4484 tuno
314 4421 405 4482 debet
418 4421 504 4479 Reus
514 4414 648 4494 judicari
663 4411 835 4472 secundum
884 4431 968 4488 nem,
998 4415 1112 4494 alioqui
1135 4435 1199 4476 non
1234 4417 1466 4494 absolvendum,
1498 4423 1543 4482 uti
1574 4427 1656 4483 recte

72 4501 835 4594 opinionessuas‚perquasflt‚utvelineurratnrvel
884 4505 968 4567 Stoa.
985 4525 1016 4568 a.
1034 4509 1102 4568 aaa.
1120 4509 1243 4570 sienim
1257 4517 1332 4572 tunc
1347 4514 1452 4574 redeat
1461 4514 1500 4575 ad
1512 4515 1657 4576 eumdem

72 4608 361 4688 enorurpeeeatum
368 4603 456 4664 aliud
465 4601 548 4663 estin
557 4595 835 4659 aliistribunulibus
886 4599 1126 4677 Confessarium‚
1149 4608 1290 4664 censetur
1305 4607 1413 4667 cedere
1423 4607 1488 4686 juri
1500 4625 1566 4676 suo,
1582 4613 1657 4668 etse

73 4697 122 4759 ubi
134 4702 290 4779 quaritur,
308 4697 384 4776 quid
399 4695 431 4755 in
453 4711 488 4754 re
500 4695 547 4753 sit.
564 4709 595 4751 v.
611 4709 641 4769 g.
663 4689 836 4767 adquema
886 4691 1009 4752 directae
1031 4691 1115 4754 illius
1129 4695 1268 4774 opinioni
1289 4698 1367 4760 velle
1390 4700 1583 4761 submittere.
1613 4699 1658 4759 Ex

72 4798 153 4869 pune
165 4794 210 4853 rei
217 4791 370 4872 pertineat
381 4805 465 4866 ager,
477 4805 518 4846 an
532 4783 631 4844 Titius
643 4783 745 4860 reipsa
759 4779 836 4839 occi·
886 4783 983 4845 dictis

73 4881 157 4956 derit,
171 4885 288 4945 iuratus
301 4883 340 4942 sit
354 4887 413 4942 eto.
431 4885 506 4940 tunc
520 4876 606 4936 enim
624 4891 689 4935 non
703 4869 835 4932 attendi·
928 4875 1074 4955 loquerer,
1088 4879 1296 4943 confessarios
1310 4882 1379 4943 illos
1393 4901 1457 4944 non
1473 4891 1555 4946 recte
1570 4884 1658 4964 fungi
1683 4897 1742 4956 453

74 4976 168 5037 tnrad
184 4977 343 5056 opiniones
360 4971 560 5048 litigantium,
582 4967 632 5027 uel
646 4981 767 5039 eorum,
782 4961 837 5041 qui
887 4967 989 5028 officio
1007 4987 1073 5038 suo,
1091 4973 1223 5050 quinon
1246 4975 1372 5036 student
1390 4993 1573 5053 cognoscere
1586 4977 1657 5056 plu-

75 5074 259 5140 uecusantur,
281 5065 335 5126 red
355 5065 394 5124 ad
415 5065 598 5142 argumenta
619 5058 735 5118 directa
755 5071 835 5124 rem,
887 5059 971 5119 rium
995 5061 1166 5124 Auuetorunt
1194 5067 1369 5146 probabiles
1398 5069 1574 5143 sententias,
1605 5067 1660 5129 sed

77 5159 122 5220 rel
140 5159 254 5220 lactum
277 5155 449 5218 secundum
477 5171 509 5214 se
532 5149 707 5232 probantia.
737 5145 785 5208 Ad
805 5147 835 5206 2.
887 5151 1074 5230 poenitentes
1088 5173 1196 5218 omnes
1210 5175 1282 5220 siros
1291 5161 1401 5222 volunt
1411 5161 1543 5240 dirigere
1553 5177 1660 5222 secun-

78 5249 204 5312 leesia
216 5257 300 5311 extra
314 5247 453 5309 nibunal
467 5241 671 5306 Confessionis
682 5238 777 5300 habet
786 5237 839 5315 jus
888 5244 966 5304 dnm
980 5247 1143 5324 opiniones
1156 5253 1286 5312 incertas
1295 5254 1388 5314 unius
1403 5253 1532 5332 alicujus
1545 5253 1658 5314 Aucto·

78 5339 284 5422 terendileges,
297 5348 328 5402 et
338 5337 468 5419 regendi
481 5336 586 5397 fideles
595 5329 839 5412 independenter
888 5336 942 5410 ris,
973 5339 1020 5398 vei
1045 5340 1227 5418 professoris
1241 5347 1299 5422 sni,
1324 5347 1369 5406 uti
1379 5346 1521 5426 pluribus
1542 5344 1662 5406 dicetur

79 5433 114 5494 ab
136 5433 330 5514 opinionibus
350 5447 470 5504 eorrrm,
494 5445 571 5508 quos
590 5426 684 5486 etiam
703 5422 839 5498 obligare
890 5428 928 5488 de
957 5428 1069 5492 Posuit.
1100 5437 1225 5512 quando
1258 5439 1296 5499 de
1331 5437 1494 5519 prudentia
1533 5435 1661 5500 Confos-

82 5531 175 5604 potest
188 5527 226 5586 ad
241 5525 423 5586 desmendos
436 5520 598 5602 opiniones
608 5533 678 5578 suas
690 5515 724 5575 in
738 5512 838 5594 praxi;
890 5521 975 5582 sarii,

82 5623 213 5678 erontra
235 5618 266 5677 in
288 5615 436 5676 tribunali
456 5611 668 5679 Confessionis‚
691 5605 840 5665 aClrristo
936 5611 971 5687 Q,
1002 5617 1051 5678 55,
1082 5619 1129 5680 A„
1158 5623 1325 5705 pmqupes,
1353 5631 1380 5685 01
1403 5621 1575 5704 Superiores
1601 5621 1664 5684 gem
