3944 6350
691 460 738 520 oE
759 460 928 522 LEGIBUS.
1548 463 1607 520 103

39 623 100 702 3313
119 627 187 683 3313
200 623 285 685 illem
298 627 507 706 receptionem
522 628 614 688 habet
627 629 677 688 lex
691 634 788 690 totam
841 629 1543 710 3333113333313113331313313313]3133333313
1550 648 1606 708 pro

40 715 93 774 vim
103 733 187 776 suam
198 716 367 796 obligandi.
378 720 482 781 Videri
494 723 692 801 potestltloya
703 731 744 782 tr.
755 727 787 784 6.
838 723 980 784 absoluta
990 728 1137 802 potestate
1153 725 1324 804 Superioris
1337 724 1376 784 ad
1390 722 1605 801 imperandam

38 805 63 868 d.
76 811 102 869 1.
116 825 145 888 3.
159 813 188 869 1.
201 827 284 872 oum.
300 813 348 873 11.
362 818 390 873 et
405 813 453 874 15.
838 833 931 876 omne
947 816 1113 895 objectum,
1127 817 1186 876 nisi
1198 821 1317 876 certum
1332 815 1449 890 sithoc,
1467 815 1515 874 vel
1528 813 1607 874 illud

11 893 20 954 1
70 901 94 980 5.
109 903 136 962 t.
155 904 192 962 13
205 902 312 979 dubio,
336 923 377 964 an
396 907 585 965 consuetudo
606 906 645 966 sit
664 907 789 967 inducta
837 925 901 968 esse
916 927 1009 988 snpra
1021 909 1087 987 ejus
1094 915 1356 988 potestatem,non
1367 913 1413 967 est
1426 913 1531 968 autem
1544 905 1605 980 hic,

38 1011 69 1054 er
92 995 259 1066 devotione,
290 1015 331 1057 an
358 1016 396 1058 ex
423 998 527 1058 33333
561 1017 593 1059 33
620 997 786 1078 obligandi,
838 1006 974 1061 313333
1002 1008 1140 1062 certrrm:
1171 1003 1223 1063 sed
1245 1007 1368 1062 tantum
1392 999 1533 1072 dubium,
1560 998 1606 1059 uti

38 1090 132 1164 putant
148 1089 237 1148 Azor.
256 1091 287 1148 et
306 1089 420 1168 Regin.
448 1091 701 1169 presumendum
711 1107 787 1166 esse,
837 1093 1040 1172 supponitur:
1053 1113 1137 1173 ergo.

37 1179 107 1256 quod
120 1179 157 1238 sit
169 1179 295 1242 inducta
309 1199 348 1242 ex
360 1183 465 1242 animo
480 1201 511 1243 se
522 1183 689 1258 obligandi,
704 1183 788 1246 ideo·
879 1185 905 1262 ξ.
927 1187 955 1244 1.
972 1188 1006 1245 13
1023 1186 1117 1246 dubio
1131 1187 1168 1246 de
1179 1186 1297 1264 J'ustitia
1313 1185 1400 1262 legis,
1417 1184 1512 1263 aliqui
1523 1183 1607 1262 apud
1631 1172 1690 1232 595

37 1289 87 1349 que
105 1271 225 1350 obliget.
241 1274 267 1334 si
280 1279 390 1336 ceterae
413 1275 603 1336 conditiones
623 1275 736 1354 adsint,
753 1276 790 1337 de
840 1276 970 1336 Dianam
984 1295 1089 1357 supra,
1107 1285 1138 1338 et
1157 1297 1229 1339 cum
1253 1278 1365 1337 Dicast.
1382 1276 1417 1336 313
1431 1295 1503 1336 ocris.
1521 1275 1550 1335 d.
1575 1279 1602 1336 1.

37 1363 135 1442 331333
153 1366 270 1426 dictum
295 1386 377 1428 nam.
405 1369 474 1429 571.
508 1369 533 1427 E
560 1375 668 1428 contre
694 1370 790 1429 Diana
840 1385 871 1427 3.
886 1370 954 1428 353.
981 1369 1088 1430 dicunt
1100 1371 1259 1450 probabile
1272 1387 1346 1444 csse,
1364 1369 1448 1448 quod
1467 1365 1607 1428 subditus

35 1466 102 1536 port.
132 1460 159 1518 1.
191 1465 230 1519 tr.
266 1463 314 1520 10.
352 1461 390 1522 e.
420 1464 470 1522 30.
496 1463 584 1540 Pasq.
611 1461 646 1522 de
675 1459 787 1541 Sacris.
839 1477 904 1520 non
925 1467 1068 1522 teneatur
1092 1462 1228 1537 obedire,
1259 1463 1331 1540 3313
1352 1461 1405 1540 jus
1434 1460 1608 1540 Superioris

36 1555 125 1629 33331.
145 1553 214 1612 331.
236 1571 268 1613 3.
291 1554 321 1612 5.
342 1553 456 1631 aliique
479 1553 572 1614 multi
590 1571 662 1614 oum
678 1555 791 1614 Suerez
838 1571 1001 1632 nunquam
1013 1553 1071 1614 1311
1084 1555 1117 1614 13
1133 1555 1323 1634 possessione
1333 1554 1372 1612 ad
1387 1553 1607 1632 imperandum

37 1639 171 1704 1131111.
185 1662 252 1724 cap.
269 1645 791 1724 15.333.13.3331)33111333113331
839 1645 955 1724 aliquid
968 1646 1121 1724 iniquam,
1150 1646 1199 1706 uel
1227 1647 1368 1706 illicitum
1385 1665 1392 1720 ;
1420 1646 1472 1705 sed
1500 1645 1605 1705 Ovicd.

37 1737 274 1812 presumendum
287 1737 455 1818 essequod
469 1739 508 1798 sit
521 1737 647 1799 inductu
656 1739 792 1799 3331333-
839 1755 872 1798 3.
903 1741 952 1800 61.
982 1739 1056 1799 dicit
1088 1739 1264 1819 oppositum
1292 1739 1349 1798 sibi
1378 1755 1443 1798 esse
1476 1743 1606 1810 eertum,

37 1827 108 1890 11333
117 1834 247 1906 tautum,
264 1831 367 1910 sicque
388 1849 452 1891 non
460 1829 573 1910 obliget
583 1831 641 1891 sub
655 1837 789 1912 peccato,
839 1831 964 1910 quando
991 1831 1075 1892 enirn
1109 1832 1268 1910 probabile
1290 1837 1346 1896 331.
1379 1831 1532 1891 actionem
1557 1830 1610 1890 ali-

37 1921 229 1999 quialibertes
243 1928 290 1984 est
304 1924 338 1983 in
350 1923 551 2003 possessione,
569 1941 670 2002 33333
682 1923 792 2003 3113313
841 1924 965 2001 quando
992 1943 1056 1984 3333
1069 1925 1120 1984 hie
1146 1931 1177 1986 et
1197 1931 1280 1984 3333
1294 1925 1422 2003 justam,
1438 1929 1468 1983 et
1480 1922 1607 1998 licitam,

37 2013 221 2091 praesumitur
230 2015 290 2075 sibi
303 2015 437 2076 voluisse
450 2033 527 2094 opus
545 2015 716 2095 imponere,
733 2017 792 2076 nisi
840 2021 959 2076 certum
973 2021 1027 2088 est,
1053 2017 1147 2077 telem
1160 2019 1313 2078 actionem
1327 2033 1426 2095 posse,
1448 2021 1479 2076 31
1500 2033 1607 2076 conse·

38 2103 111 2166 daeo
124 2111 206 2168 certo
224 2111 363 2168 constet:
392 2107 453 2168 llls.
470 2115 540 2167 133.
559 2111 585 2168 l.
602 2105 632 2166 d.
648 2110 677 2168 1.
694 2127 724 2168 a.
740 2110 789 2168 61.
841 2114 973 2187 quanter
985 2108 1097 2168 debere
1111 2110 1186 2190 poni
1200 2129 1219 2169 3
1235 2109 1368 2184 subdito,
1383 2109 1429 2168 uti
1443 2108 1610 2187 probatum

37 2200 182 2273 consentit,
199 2200 260 2260 nisi
275 2199 359 2260 aliud
373 2200 569 2279 colligeretur
582 2217 620 2260 ex
634 2201 792 2260 communi
840 2207 887 2260 est
901 2219 919 2262 a
933 2219 964 2261 n.
981 2203 1048 2261 431.
1067 2219 1139 2261 curn
1163 2202 1312 2281 Superior
1326 2202 1364 2260 sit
1378 2201 1410 2260 13
1420 2201 1610 2279 possessione

38 2289 186 2353 homiuum
206 2311 312 2366 sensu,
332 2292 381 2353 vel
404 2311 443 2354 ax
456 2293 566 2371 objecti
586 2293 745 2371 gravitate,
763 2299 793 2353 et
841 2293 1015 2372 imperandi
1040 2311 1132 2354 omne
1160 2293 1201 2362 id,
1232 2294 1315 2373 quod
1332 2293 1453 2372 judicat
1475 2292 1608 2370 justum,

38 2384 210 2460 serenitate,
235 2391 292 2445 331
311 2385 433 2464 speciali
451 2385 607 2446 utilitate:
628 2385 794 2446 hiucreete
841 2391 872 2445 et
894 2385 1032 2459 licitum3
1061 2403 1144 2464 ergo.
1179 2386 1266 2460 Quod
1297 2387 1320 2445 31
1347 2393 1413 2446 tem
1451 2385 1608 2463 Superior,

38 2481 112 2536 notat
129 2477 219 2538 Caro.
242 2477 273 2537 ia
295 2479 324 2535 1.
343 2475 417 2536 crisi
429 2475 459 2536 d.
479 2479 529 2537 13.
549 2495 573 2537 3.
596 2478 625 2537 5.
642 2477 744 2538 (31.1.
766 2485 794 2536 31
842 2495 936 2556 qnam
955 2479 1094 2539 subditas
1108 2479 1262 2555 dubitent,
1287 2495 1389 2538 aures
1403 2483 1556 2556 praecepte
1572 2477 1612 2538 sit

36 2584 103 2648 seqq.
126 2569 208 2648 quod
226 2570 262 2630 13
277 2569 554 2630 consuetudinibus
567 2568 794 2629 universalibus
844 2570 934 2644 licitu,
971 2581 1076 2650 peccat
1109 2577 1176 2632 tarn
1207 2571 1353 2650 Superior
1392 2570 1630 2650 praecipiendo„

39 2659 163 2722 Ecclesiae
187 2663 228 2722 sit
263 2662 310 2722 vis
336 2661 503 2740 obligandi,
538 2679 608 2740 quae
634 2661 704 2722 licet
730 2679 794 2722 333
842 2680 937 2741 quam
965 2663 1104 2724 subditus
1131 2663 1313 2731 obediendo,
1340 2663 1413 2741 3313
1441 2667 1611 2741 operantur

38 2751 142 2815 oriatur
165 2771 204 2816 ex
229 2754 404 2814 intentione
437 2771 469 2814 se
500 2753 665 2832 obligandi,
700 2771 794 2833 quam
843 2773 914 2815 oum
935 2755 1030 2816 dubio
1053 2756 1196 2834 practico,
1226 2761 1255 2816 et
1273 2755 1443 2835 specialiter
1464 2755 1533 2814 ideo
1547 2773 1610 2814 non

39 2843 188 2907 habuerint
207 2847 327 2920 fideles,
354 2851 461 2906 tamen
482 2847 580 2906 oritur
598 2846 794 2906 obeditione
842 2852 965 2908 tenetur
983 2849 1107 2908 obedire
1133 2848 1282 2914 subditus,
1308 2847 1381 2926 quia
1395 2847 1452 2906 3311
1465 2847 1611 2926 Superio-

39 2937 794 3020 333333333333333333131333333
842 2959 909 3000 rem
949 2959 1013 3000 non
1056 2941 1170 3001 habere
1204 2945 1386 3020 potestatem
1420 2939 1609 3017 imperandi,

39 3029 189 3106 obligandi.
844 3033 968 3110 quaudo
993 3031 1262 3110 ipsemetduhitat,
1298 3051 1338 3092 an
1357 3032 1438 3090 licite
1459 3032 1612 3110 imperare

11 3121 22 3180 1
71 3126 134 3205 §.S
150 3127 187 3187 13
204 3123 313 3198 dubio,
336 3143 378 3184 33
399 3124 500 3204 legem
518 3123 619 3185 ferens
637 3124 676 3184 sit
692 3123 794 3202 legiti-
844 3127 948 3204 possit,
977 3125 1066 3203 Lnga
1088 3125 1221 3206 131133).
1239 3145 1314 3185 mor.
1337 3123 1359 3184 l.
1377 3127 1405 3184 3.
1422 3121 1452 3182 d.
1469 3125 1512 3184 la.
1532 3129 1609 3184 3.(1.

40 3235 98 3278 mus
120 3218 279 3299 Superior,
300 3235 331 3276 v.
353 3235 384 3294 g.
409 3233 450 3278 an
470 3215 607 3295 legitime
626 3216 795 3276 3113133133
845 3217 1099 3277 113331333331.
1118 3219 1148 3277 1.
1163 3237 1220 3278 aa.
1237 3220 1304 3279 159.

39 3327 134 3390 uscue,
151 3311 266 3373 Sanoh.
284 3309 314 3369 in
334 3307 438 3370 Decet.
461 3307 484 3368 1.
501 3311 531 3369 6.
545 3329 570 3369 3.
588 3311 616 3369 3.
631 3328 661 3368 3.
678 3313 707 3368 1.
725 3309 796 3369 dicit
884 3305 913 3382 ξ.
930 3307 963 3365 8.
977 3307 1011 3365 ln
1034 3307 1140 3379 dubio,
1162 3325 1203 3367 33
1226 3305 1276 3366 133
1301 3305 1458 3365 contiueat
1481 3323 1614 3385 praeeep
1639 3317 1698 3377 59ss

39 3403 180 3466 subditum
193 3402 296 3466 teneri
305 3401 440 3474 obedire,
454 3401 526 3480 3313
543 3399 691 3481 Superior
704 3400 797 3462 babet
848 3403 924 3472 tum,
965 3417 1005 3457 33
1028 3402 1151 3458 tautum
1174 3398 1349 3469 consilium,
1383 3403 1436 3457 331
1470 3398 1613 3458 exhorta-

40 3498 248 3573 possessiouenr
266 3493 458 3575 prohabilem
483 3493 716 3572 jurisdictionis,
747 3494 796 3554 oui
845 3489 974 3566 tionem,
994 3491 1160 3552 dicendum
1180 3497 1225 3551 331
1244 3491 1407 3570 posterius,
1436 3491 1481 3550 311
1505 3495 1614 3550 331331

39 3591 289 3666 pertinerere,
303 3588 402 3648 donee
416 3587 565 3666 probetur
578 3603 642 3646 333
663 3586 794 3661 habere3
848 3583 994 3650 Sanchez,
1016 3583 1133 3658 313111;
1160 3584 1300 3644 similiter
1312 3584 1344 3643 in
1375 3583 1480 3654 dubio,
1510 3601 1550 3642 33
1566 3583 1615 3642 lex

39 3699 100 3760 ugo
121 3684 172 3763 jus
191 3683 292 3763 ipsius
314 3680 408 3742 estin
430 3679 642 3758 possessione:
660 3685 797 3739 eoontra
846 3675 962 3750 obliget
973 3675 1031 3734 sub
1051 3677 1186 3748 mortali,
1213 3694 1254 3735 33
1275 3676 1331 3734 sub
1353 3674 1466 3735 veniali
1480 3681 1612 3746 tanturn,

39 3773 136 3837 lleudo
152 3795 183 3836 m
200 3775 284 3836 Stat.
306 3771 336 3832 d.
358 3775 406 3833 13.
423 3791 453 3831 3.
470 3773 539 3832 136.
560 3769 673 3848 3111333
687 3770 798 3830 docent
846 3768 1017 3827 tenendum
1032 3773 1077 3828 est
1104 3767 1240 3846 obligare
1261 3767 1318 3826 sub
1342 3767 1454 3827 verriali
1478 3771 1612 3838 tentum,

39 3883 93 3928 uon
104 3870 213 3944 teneri,
228 3867 304 3948 3313
318 3883 390 3927 eum
404 3863 573 3935 dubitetur,
589 3881 629 3922 an
644 3863 683 3921 sit
703 3863 798 3941 Supe-
847 3860 920 3938 quia
934 3860 1058 3920 libertas
1070 3865 1115 3919 331
1138 3861 1171 3919 13
1183 3860 1383 3938 possessione,
1399 3865 1428 3919 31
1444 3859 1475 3917 13
1488 3857 1617 3918 obscuris

39 3960 101 4034 rior,
117 3963 203 4022 33113
216 3965 263 4022 331
277 3965 359 4020 certa
372 3955 523 4037 possessio
541 3973 597 4034 pro
608 3955 679 4032 jure
694 3954 798 4032 333331-
847 3951 1002 4011 131313333
1030 3960 1070 4010 331
1097 3950 1284 4032 sequendam,
1311 3952 1382 4030 liep.
1410 3953 1458 4010 311.
1482 3949 1518 4008 dc
1540 3950 1614 4026 liep.

39 4054 140 4130 piendi,
164 4055 203 4116 de
229 4045 794 4129 11133313333333313331133113133,
846 4043 929 4105 daris
956 4047 985 4102 13
1000 4047 1029 4104 o.
1052 4043 1125 4103 11333
1153 4044 1224 4124 1133.
1255 4046 1307 4104 oo.
1337 4043 1370 4122 ff.
1383 4041 1417 4102 de
1432 4043 1503 4121 lleg.
1520 4040 1614 4121 juris,

39 4161 155 4227 333333
180 4149 278 4226 negat
296 4143 456 4216 subditus3
480 4159 553 4218 ergo
568 4139 661 4217 hujus
675 4137 798 4198 libertas
850 4134 1313 4216 333333131131113133331333
1324 4131 1513 4215 3331333333
1526 4141 1617 4194 3331.-

38 4253 93 4299 333
118 4245 162 4302 est
188 4241 228 4301 de
255 4242 340 4298 certe
368 4253 423 4295 sua
453 4235 641 4313 possessione
670 4231 796 4308 dejecta,
848 4227 1616 4309 1331331311331133.191,3131113133133333816.

39 4329 132 4392 [tried.
154 4331 190 4392 de
210 4330 364 4392 3313331331.
385 4333 511 4388 3331333.
534 4328 563 4386 3.
576 4343 652 4404 prro.
674 4325 701 4383 5.
729 4341 797 4402 pro·
848 4320 1204 4400 referendisprobatquo
1217 4321 1284 4380 iuse
1298 4319 1376 4379 Gob.
1391 4319 1421 4378 in
1435 4319 1537 4393 (13131.
1555 4321 1616 4379 1.1.

25 4419 157 4486 ,13311133
167 4425 212 4486 sic
221 4421 394 4501 distinguit,
409 4419 434 4480 si
446 4419 593 4498 Superior
607 4414 719 4476 habeat
733 4433 800 4494 pos
849 4433 960 4476 orrum.
979 4413 1036 4489 Ι111.
1051 4415 1133 4492 leges
1154 4431 1262 4473 omnes
1290 4413 1455 4482 13333333,
1483 4411 1619 4490 itemque

93 4517 193 4578 'onem
208 4516 259 4577 sui
272 4513 376 4575 3111311.
391 4531 421 4574 v.
434 4529 464 4590 g.
481 4511 506 4571 si
518 4509 670 4588 accoeperit
689 4507 798 4584 clares,
849 4507 969 4567 divinas
994 4523 1058 4565 esse
1083 4507 1216 4584 benigne
1255 4505 1512 4584 interpretandas,
1547 4504 1621 4564 hinc

48 4607 57 4620 ”
78 4609 84 4620 ’
107 4627 172 4687 um,
188 4613 246 4670 aut
265 4607 325 4668 alie
345 4606 433 4684 signe
445 4603 548 4678 3111311,
563 4601 705 4662 subditus
717 4606 802 4660 tene·
850 4597 1382 4660 sententiamnostramteuentNau.
1398 4598 1514 4657 inmun.
1527 4615 1551 4656 3.
1567 4597 1618 4656 13.

58 4700 113 4761 'tur
135 4702 273 4773 obedire,
302 4697 466 4778 quiajam
494 4701 539 4756 est
567 4693 717 4773 possessio
744 4711 801 4772 pro
850 4711 932 4752 num.
962 4692 1011 4751 502
1038 4691 1152 4750 Saurlr.
1179 4690 1209 4750 io
1239 4689 1335 4750 113331.
1361 4689 1413 4749 lit.
1446 4692 1459 4749 1
1494 4707 1558 4768 cop.
1588 4691 1618 4748 1.

71 4795 262 4872 perioritete:
288 4795 427 4852 econtra
456 4785 613 4848 sinullam
634 4785 802 4864 nequidem
851 4785 939 4846 11133.
965 4801 1000 4861 p.
1032 4785 1061 4841 1.
1087 4791 1125 4842 13.
1157 4781 1562 4859 10111133313313313.
1591 4785 1621 4839 et

87 4885 363 4966 ciipoesessionem
377 4880 537 4960 acceperit,
561 4877 701 4938 subditus
715 4882 801 4956 pote·
850 4877 926 4938 alios
965 4875 1048 4952 apud
1067 4875 1213 4935 eumdem
1237 4875 1381 4934 Dianam:
1423 4873 1621 4934 ostendemus

56 4975 76 5038 't
88 4999 149 5040 non
163 4977 290 5040 obedire
303 4976 343 5036 ob
355 4975 507 5035 rationem
520 4979 592 5032 ante
605 4971 720 5031 datam.
851 4975 956 5031 antem
985 4967 1039 5028 lit.
1056 4969 1086 5028 o.
1116 4967 1277 5047 prudentis
1298 4985 1362 5026 esse
1388 4965 1422 5024 in
1451 4966 1621 5043 3333311333

75 5071 102 5150 5.
125 5075 156 5132 ὃ.
187 5071 224 5132 13
250 5067 356 5142 dubio,
385 5085 426 5128 33
449 5065 598 5145 Superior
620 5065 803 5142 potestatem
851 5062 931 5122 eirca
944 5066 1066 5140 peceato
1077 5060 1221 5120 mortalia
1230 5059 1333 5138 potius
1347 5057 1507 5137 benignas,
1525 5075 1621 5136 quum

133 5163 230 5238 thoe
248 5159 436 5240 imperandi3
470 5162 590 5218 33133
618 5156 687 5230 333,
719 5153 802 5232 quod
852 5154 1013 5233 rigidiores
1027 5151 1194 5213 3331331133
1206 5154 1304 5230 33331.

81 5261 174 5334 peret,
210 5257 395 5335 potestatem
422 5251 518 5330 ipsius
542 5247 677 5321 excedat,
707 5245 804 5306 Diana
892 5247 962 5325 §.a
979 5246 1132 5320 indubio,
1149 5263 1189 5304 33
1214 5242 1486 5320 13331131333313,
1511 5238 1561 5302 vel
1581 5261 1621 5301 33
1647 5257 1705 5320 597

94 5355 114 5407 1.
143 5351 174 5408 a.
203 5353 294 5408 treet.
324 5347 356 5404 9.
383 5341 475 5404 113331.
505 5341 555 5400 to.
573 5339 678 5400 (tried.
703 5357 734 5398 3.
751 5339 800 5399 511.
852 5338 885 5398 13
899 5357 935 5399 33
958 5337 996 5398 311
1010 5337 1230 5416 dispensatum,
1248 5340 1356 5396 133331
1373 5335 1520 5395 ductores
1542 5352 1623 5396 eom-

72 5437 89 5451 '‘
111 5459 150 5501 ue
163 5439 250 5519 opud
272 5437 387 5498 Mendo
409 5429 804 5516 perseuerandum
852 5430 990 5490 munitor
1003 5447 1075 5490 oum
1091 5429 1200 5489 1113331.
1217 5426 1246 5488 d.
1272 5431 1299 5488 1.
1328 5447 1359 5487 3.
1376 5429 1425 5488 11.
1445 5427 1622 5506 333113311-

93 5531 264 5611 pnobahile,
289 5527 448 5588 subditum
462 5543 527 5586 uon
548 5523 647 5584 teneri
667 5521 801 5598 obedire,
852 5528 912 5600 got,
944 5522 1018 5600 quia
1032 5527 1077 5581 est
1091 5521 1274 5581 antecedens
1294 5520 1446 5599 possessio
1460 5524 1544 5580 certa
1567 5535 1623 5598 pro

107 5615 805 5701 833333333331333333113333113333
852 5613 929 5694 ipsa,
946 5615 1075 5693 ejusque
1087 5613 1288 5691 obligatione.
1310 5621 1322 5648 ⁰
