3964 6348
647 418 697 480 DE
718 417 982 482 consolareris.
1554 422 1612 482 301)

36 607 251 672 quamcumque
274 586 497 650 dubitationem
521 603 614 666 super
627 583 794 666 praemissis
883 585 1114 650 ALEXANDER
1137 589 1313 670 Episcopus,
1329 608 1435 652 serras
1451 607 1611 651 serrorum

36 686 227 764 imposterum
240 680 359 744 auterre
368 679 518 756 volentes,
529 684 565 740 ut
574 695 683 740 omnes
693 677 794 738 Chris-
843 678 909 740 Dei.
919 679 966 740 Ad
976 686 1157 760 perpetuam
1170 683 1215 744 rei
1227 683 1421 744 memoriam.
1438 682 1613 762 Regiminis

34 777 152 840 tifideles
163 776 198 836 in
221 774 286 854 ejus
305 773 378 834 tidei
390 772 509 834 unitate
523 790 587 833 sese
601 771 790 838 contineant,
841 771 1008 851 apostolici
1020 773 1128 836 Divina
1139 775 1337 838 Prouidentia
1351 775 1456 852 Nobis,
1472 775 1613 854 quamvis

34 887 67 932 ex
78 869 177 930 debito
202 867 300 930 nostri
314 865 483 928 Pastoralis
501 865 604 942 officii,
620 867 793 926 armatura
841 862 1014 941 immeritis,
1031 867 1196 938 commissi,
1219 867 1298 929 ratio
1313 869 1458 948 postulat,
1474 873 1509 928 ut
1522 867 1562 928 od
1576 885 1613 929 ea

34 961 254 1036 deliberatione,
269 959 602 1040 praemsenamInnoc.
618 955 791 1018 Praodeces-
840 957 1047 1035 potissimum,
1068 977 1138 1038 quae
1159 961 1321 1022 Catholicis
1341 961 1514 1040 Religionis
1528 960 1611 1022 inte-

33 1055 100 1116 seris
112 1053 210 1114 nostri
224 1051 485 1123 constitutionem,
497 1049 746 1124 declarationem,
761 1053 793 1109 et
840 1048 957 1127 gritati,
969 1055 999 1110 et
1013 1052 1237 1130 propagationi,
1253 1055 1492 1134 arrimarumque
1507 1053 1609 1130 soluti,

33 1146 246 1220 definitionem,
288 1145 402 1206 barum
438 1143 516 1205 serie
558 1141 789 1204 mniirmamus.
841 1145 871 1202 et
890 1141 1029 1204 tidelinm
1048 1145 1262 1223 tranquillitati
1288 1147 1446 1207 consulere
1473 1151 1556 1225 apta,
1581 1151 1612 1206 et

33 1239 238 1320 approbamus,
252 1244 284 1300 et
303 1238 498 1312 innovamus,
524 1241 555 1296 et
568 1233 705 1314 quinque
723 1233 792 1294 illas
840 1233 953 1296 idonea
975 1253 1040 1297 esse
1063 1235 1253 1315 judicantur,
1282 1239 1431 1312 animam,
1453 1243 1484 1298 ct
1504 1255 1612 1298 euram

32 1331 244 1412 pmpositiones
258 1349 297 1392 ex
318 1331 398 1391 libro
412 1327 642 1410 praememorati
655 1325 791 1388 Cornelii
841 1344 978 1400 omnem,
1001 1332 1154 1408 quiantum
1176 1330 1258 1407 licet,
1284 1331 1317 1392 in
1332 1331 1463 1392 Domino
1477 1331 1610 1412 applice-

33 1424 156 1486 lansenii
180 1421 322 1504 Episcopi
346 1421 493 1502 lpronsis,
520 1420 570 1482 eui
597 1418 705 1480 titulus
733 1424 789 1495 est,
842 1437 922 1480 mus.
935 1421 1142 1494 Quamobrem
1162 1423 1297 1484 Cornelii
1315 1423 1452 1484 Jansenii
1465 1423 1611 1485 baeresim

33 1517 210 1596 Augustinus,
227 1519 394 1594 excerptas,
411 1533 446 1574 ae
460 1513 494 1574 in
512 1530 604 1573 sensu
618 1510 657 1573 ab
682 1511 791 1572 eodem
842 1509 875 1572 in
898 1513 996 1574 Gallia
1023 1515 1196 1593 praesertim
1219 1521 1404 1594 serpentem,
1429 1515 1468 1575 ab
1500 1516 1610 1576 111Νο-

35 1609 162 1670 Cornelio
186 1607 335 1670 lanscnio
354 1607 474 1667 intento
503 1606 663 1666 damnatas
682 1604 789 1679 luisse3
841 1603 984 1666 CENTIO
998 1607 1029 1665 X
1052 1604 1103 1666 iel.
1119 1625 1180 1668 rec.
1195 1609 1417 1686 praedecessore
1432 1606 1611 1668 nostroiere

34 1701 220 1777 declaramus,
237 1706 270 1760 et
284 1698 462 1773 definimus,
478 1715 513 1758 ae
526 1696 573 1757 uti
587 1696 672 1770 tales,
690 1697 793 1757 inusta
841 1714 1030 1776 oppressam,
1050 1699 1089 1758 ad
1109 1699 1206 1760 instar
1225 1699 1344 1760 eolrubri
1362 1700 1502 1774 tonrrosi,
1524 1701 1611 1779 cnjus

35 1793 133 1854 scilieet
146 1792 257 1854 eadem
276 1791 405 1868 singulis
420 1795 505 1866 nota,
520 1807 590 1868 quae
601 1789 634 1848 in
649 1788 793 1868 predicta
840 1796 933 1868 eaput
941 1793 1082 1852 attritum
1097 1796 1153 1868 est,
1168 1792 1201 1852 in
1214 1795 1314 1854 uarios
1328 1811 1431 1873 gyros,
1447 1799 1477 1853 et
1492 1793 1611 1854 cauilla-

35 1884 235 1956 declarationc,
250 1889 281 1944 et
295 1883 473 1944 definitione
485 1881 654 1960 unicuique
668 1880 792 1941 illarum
842 1881 962 1942 bonurn
982 1883 1119 1944 dellexus
1138 1889 1273 1956 euntem,
1296 1884 1443 1964 singulari
1457 1886 1611 1946 Constitu-

35 1977 171 2057 sigillatim
200 1976 352 2052 inuritur,
381 1976 495 2036 iterum
528 1975 722 2048 damnamus,
756 1991 792 2034 ac
839 1974 924 2034 tiene
944 1976 982 2037 ad
1002 1976 1087 2036 lrunc
1107 1976 1202 2038 finem
1217 1978 1299 2038 edita
1313 1978 1408 2039 altero
1424 1977 1609 2058 assumptio-

35 2071 162 2130 eumdem
175 2069 296 2131 librum
311 2067 477 2148 saepedicti
492 2065 628 2128 Cornelii
638 2065 788 2133 lansenii,
840 2065 889 2126 nis
900 2075 1013 2129 nostrae
1028 2087 1122 2140 anno,
1136 2069 1317 2148 extinguere
1331 2070 1567 2132 constituimus.

36 2163 76 2224 eui
87 2162 199 2238 titulus,
216 2161 410 2243 Augustanus,
436 2177 606 2239 omnesque
624 2157 711 2232 alios,
728 2162 792 2218 tam
881 2159 953 2234 Sed,
965 2160 1299 2248 utmnltipljcesbostis
1310 2163 1475 2224 hominum
1488 2162 1611 2242 generis

35 2255 258 2335 manuscriptos,
289 2271 383 2333 quam
406 2252 488 2332 typis
508 2252 616 2330 editos,
632 2256 663 2314 et
676 2251 701 2312 si
715 2269 792 2330 quos
840 2256 921 2312 artes
937 2251 1074 2328 adhibet,
1088 2253 1230 2314 nondum
1242 2255 1334 2334 plene
1349 2255 1495 2334 consequi
1507 2256 1609 2336 petui-

35 2346 122 2409 laisan
134 2348 167 2408 iri
180 2352 343 2428 postenrm
361 2345 412 2407 edi
433 2345 606 2422 contigerit,
627 2345 662 2405 in
680 2343 792 2423 quibus
840 2360 920 2421 mus,
936 2349 971 2406 ut
985 2363 1094 2410 omnes
1108 2351 1246 2407 errantes
1259 2347 1292 2407 in
1312 2348 1395 2408 uiam
1409 2347 1515 2408 salutis
1529 2347 1609 2410 redi-

37 2441 165 2518 pradicta
179 2439 320 2520 ejusdem
334 2437 468 2500 Cornelii
487 2437 626 2499 lansenii
639 2436 788 2510 doctrina,
839 2441 920 2513 rent,
936 2437 991 2515 qui
1004 2442 1110 2498 tamen
1124 2439 1234 2500 umeus
1244 2445 1309 2500 erat
1319 2445 1474 2514 uotorum,
1487 2445 1611 2500 cicura-

36 2537 159 2614 utsupra
180 2533 328 2594 damnata
353 2530 537 2606 detenditur,
552 2529 603 2590 rel
628 2528 788 2606 astruitur,
839 2547 911 2589 rum
937 2536 1114 2590 nostrarum
1141 2548 1262 2611 scopus,
1292 2532 1406 2611 quibus
1431 2549 1556 2611 operam
1579 2539 1610 2594 et

36 2631 79 2685 aut
108 2625 292 2697 defenditur,
329 2623 378 2686 vel
409 2628 575 2697 astruetur,
607 2621 791 2684 damnamus
839 2620 1022 2682 industriam
1039 2639 1127 2684 suram
1140 2625 1263 2702 egregio
1278 2642 1350 2686 sanc
1365 2624 1466 2684 studio
1479 2642 1608 2685 reuera-

37 2717 137 2791 itidem,
159 2723 253 2798 atque
280 2715 496 2798 prohibemus:
524 2714 704 2776 Mandantes
722 2733 789 2775 om-
839 2711 917 2774 biles
928 2713 1049 2776 Fratres
1058 2715 1155 2776 nostri
1169 2716 1408 2797 Archiepiseopi,
1424 2722 1455 2776 et
1469 2715 1608 2796 Episcopi
1690 2733 1693 2741 ⁴

37 2811 113 2872 abus
126 2811 236 2872 Christi
250 2809 393 2871 fidelibus
414 2825 455 2868 ne
481 2807 658 2887 praedictam
682 2807 792 2868 doctri·
840 2805 943 2884 Regni
977 2806 1094 2875 Gallim,
1132 2807 1312 2869 earumdem
1349 2808 1610 2871 constitutionum

37 2919 97 2963 nam
111 2908 246 2975 teneant,
266 2900 445 2982 praedicent,
466 2898 606 2974 doceant,
621 2897 728 2968 uerbo,
742 2899 792 2960 uel
839 2897 1086 2978 Apostoliearum
1112 2900 1288 2960 executioni
1317 2901 1471 2981 precipue
1498 2901 1611 2962 intenti

2 3039 3 3042 ,
38 2995 131 3075 scripto
145 2999 315 3076 exponant,
326 2993 377 3054 ael
385 2992 639 3072 interpretentur,
654 2990 789 3072 publice,
840 2989 1283 3067 contulerunt,etea1issimus
1300 2991 1333 3052 in
1351 2991 1470 3053 Christo
1511 2992 1608 3054 Filius

37 3085 76 3146 rel
87 3088 235 3166 priuatim,
264 3085 378 3167 piatam,
394 3084 443 3146 vel
457 3083 574 3145 occulte
589 3082 790 3162 imprimant,
839 3087 943 3143 noster
958 3083 1023 3143 Rex
1041 3083 1321 3146 christianissimus
1335 3083 1484 3163 singulari
1498 3085 1610 3165 pietate

39 3177 84 3238 sub
102 3180 205 3258 pmnis,
230 3183 264 3240 et
297 3177 434 3240 censuris
457 3180 564 3238 eontra
584 3175 744 3236 haereticos
758 3176 791 3236 in
840 3175 1022 3236 auxiliarem
1040 3176 1199 3238 dexteram
1220 3181 1358 3255 strenuo,
1380 3195 1415 3238 ac
1431 3178 1612 3240 constantis·

36 3267 93 3346 jure
102 3273 248 3352 expressis
268 3270 335 3350 ipso
359 3268 438 3330 lacto
449 3268 566 3348 absque
579 3267 639 3330 alia
658 3267 792 3329 declara·
839 3268 917 3330 simo
932 3269 1194 3349 animoporrexit.

39 3360 315 3426 tieucmeurrendis.
881 3362 957 3422 Cum
972 3367 1078 3425 autem
1095 3364 1240 3442 praelatus
1258 3364 1321 3424 Rex
1337 3363 1611 3426 Christianissimus

71 3455 260 3537 Pracipimus
284 3455 380 3534 igitur
397 3452 543 3516 omnibus
556 3451 792 3514 t'enerabiliuus
839 3453 950 3515 eodem
976 3453 1133 3533 religionis
1155 3456 1219 3520 zelo
1246 3456 1357 3518 ductus
1384 3475 1439 3536 per
1466 3474 1559 3518 suum
1577 3457 1611 3518 in

41 3545 174 3611 Fratribus
198 3547 315 3611 nostris
342 3545 546 3620 Patriarchis‚
584 3544 788 3623 Primatibus,
840 3547 923 3607 Urbe
946 3548 1106 3608 Oratorem
1129 3547 1223 3608 Nobis
1244 3548 1411 3628 significari
1437 3550 1611 3630 exponique

42 3637 281 3722 lletropolitanis,
324 3635 578 3718 drcliiepiscopis‚
622 3636 789 3718 Episcopis,
839 3639 969 3716 curavit,
984 3638 1107 3701 nullum
1120 3639 1205 3701 aliud
1218 3641 1424 3721 opportunius
1437 3641 1611 3702 remedium

42 3735 187 3814 ceterisque
208 3735 351 3796 locorum
381 3730 560 3805 ordinariis,
589 3748 624 3791 ac
637 3729 790 3792 haereticae
840 3729 991 3810 pestilerae
1017 3730 1112 3809 hujus
1140 3732 1332 3811 contagionis
1359 3733 1497 3813 reliquiis
1516 3735 1613 3795 extir-

42 3825 175 3900 pmvitatis
188 3824 442 3906 Inquisitoribus,
457 3821 619 3884 iudicibus
628 3822 792 3884 Ecclesias-
839 3823 949 3903 pandis
962 3823 1102 3884 adbiberi
1111 3842 1210 3903 posse,
1224 3843 1318 3904 quam
1334 3825 1359 3886 si
1374 3843 1483 3886 omnes
1496 3831 1612 3888 certam

42 3914 104 3993 licis,
117 3919 152 3978 ad
166 3937 243 3998 quos
266 3916 414 3998 pertinet,
435 3921 471 3976 ut
483 3915 696 3995 praeinsertam
709 3915 791 3994 ejus·
840 3915 1017 3978 Formrrlam
1043 3915 1271 3978 subscriberent
1299 3924 1404 3978 nostra
1431 3919 1612 3980 auctoritate

42 4005 98 4068 alem
119 4010 349 4072 INNOOENTll
373 4007 609 4070 Prmdccesseris
634 4008 790 4069 Constitu·
839 4008 1006 4084 firmatam,
1032 4009 1065 4068 in
1087 4027 1149 4089 qua
1171 4009 1308 4090 quinque
1331 4011 1556 4091 propositiones
1573 4029 1612 4073 ex

42 4097 147 4178 tionem,
157 4102 409 4177 declarationem,
422 4119 457 4162 ae
467 4099 689 4176 definitionem,
701 4100 792 4180 juxta
840 4100 972 4162 Cornelii
994 4099 1086 4174 libro,
1108 4101 1159 4160 cui
1184 4101 1302 4170 titulus,
1333 4103 1526 4183 Aequatriaus,
1556 4122 1610 4164 ex-

42 4201 200 4268 praesentem
233 4201 376 4258 nostram
416 4191 716 4270 determinationem,
752 4194 790 4254 ab
839 4199 957 4273 eerptas
966 4191 1084 4254 sincere
1094 4192 1288 4266 damnarent,
1304 4213 1340 4254 ao
1351 4195 1482 4275 proinde
1496 4195 1611 4258 illama

43 4285 162 4348 omnbus
187 4287 348 4350 observari
372 4285 495 4360 mount,
510 4303 546 4346 ac
565 4283 789 4363 inobedientes,
840 4285 934 4346 Nobis
946 4289 1140 4364 quantocyus
1153 4286 1301 4364 expediri,
1319 4286 1358 4347 ad
1373 4286 1520 4366 quaelibet
1533 4288 1611 4350 ellu-

5 4401 6 4406 ’
44 4377 186 4442 stararias
199 4379 356 4461 praedictis
378 4378 480 4459 poenis
500 4377 628 4458 aliisque
647 4378 737 4457 juris,
761 4385 791 4441 et
839 4377 889 4456 gia
904 4375 1130 4457 praecludenda,
1152 4395 1322 4458 omnesque
1338 4380 1542 4442 removendos
1556 4379 1611 4442 ob·

5 4495 6 4500 1
45 4464 100 4529 iacti
115 4473 264 4549 remediis,
280 4473 421 4533 invocato
436 4469 542 4546 etiam,
558 4470 584 4530 si
597 4489 674 4551 opus
685 4471 787 4552 fuerit,
839 4475 955 4546 tentus,
971 4469 1169 4549 flagitaverit:

45 4555 142 4624 brachii
159 4565 312 4626 secularis
330 4562 459 4640 auxilio,
475 4562 603 4624 omnino
618 4571 788 4626 coerceant.
879 4563 941 4626 Nos
958 4568 1023 4623 tam
1046 4561 1104 4642 piis
1131 4561 1220 4623 dictis
1247 4563 1339 4644 Regis
1361 4563 1613 4628 Christianissimi

45 4648 136 4716 batum
161 4658 270 4718 Romae
299 4656 384 4736 apud
409 4657 440 4717 S.
469 4655 598 4716 Mariam
626 4655 789 4736 Majorem,
840 4655 918 4717 votis
927 4654 1062 4733 benigne
1076 4654 1281 4716 annuendam
1292 4673 1357 4718 esse
1371 4656 1529 4735 ducentes,
1540 4659 1611 4721 For-

45 4741 117 4808 inno
127 4748 346 4812 incarnationis
361 4747 683 4821 transmisissem
698 4750 762 4810 Oct.
840 4747 957 4809 mulam
967 4747 1612 4827 inbascriptamabomnibusEoclesiasticis

76 4837 197 4903 Subinde
222 4859 309 4918 aero,
337 4859 400 4920 quo
423 4839 525 4901 omnis
546 4839 791 4919 Apostolicorum
840 4839 934 4901 etiam
946 4839 1184 4901 venerabilibus
1198 4841 1356 4903 Fratribus
1368 4843 1481 4904 nostris
1489 4844 1613 4905 Archia

46 4923 237 4994 definitionum
249 4932 475 4995 eludendarum
488 4931 589 4992 aditus
602 4932 789 4994 interclude·
840 4932 984 5013 piscopis,
1006 4938 1037 4995 et
1056 4931 1223 5012 Episcopis,
1247 4952 1372 4996 necnon
1394 4935 1461 4996 aliis
1481 4936 1610 5016 quibus·

47 5024 556 5098 tetur,mem0ratusALEXANDEli
567 5024 789 5103 Praedeccsser,
840 5025 1609 5107 cumqueEcelesiasticiOrdinis,tamregularibus,

46 5111 159 5187 prbrum
170 5119 310 5182 Ecclesia
323 5135 443 5180 morem
457 5122 589 5192 secutus,
603 5123 718 5180 certam
730 5119 791 5180 edi-
840 5136 934 5198 qnam
948 5117 1155 5192 saecularibus,
1173 5118 1267 5179 etiam
1285 5119 1479 5192 ltlenialibus,
1502 5121 1610 5182 Docte·

48 5201 647 5274 ditiormulamahomnibusllcclesiastiri
657 5211 789 5290 Ordinis,
840 5211 937 5287 ribus,
974 5215 1005 5271 et
1035 5208 1219 5286 Licentiatis,
1252 5209 1380 5290 aliisque
1405 5210 1611 5290 Collegienrm

7 5325 8 5334 2
49 5297 100 5357 mm
118 5303 316 5382 secmaribus,
336 5321 432 5384 quam
445 5301 638 5382 regularibus
653 5305 791 5383 personis
841 5302 1026 5366 Recteribus
1043 5307 1134 5382 atque
1151 5302 1304 5380 blagistris
1316 5301 1463 5364 subscribi
1476 5303 1611 5366 districte

9 5477 10 5480 ,
50 5387 274 5458 subscribendam
288 5397 547 5478 pornliamsuam
560 5394 618 5455 bac
631 5395 663 5455 in
677 5414 793 5478 repro-
840 5397 1038 5470 mandamus,
1064 5395 1157 5474 idque
1184 5395 1266 5455 intra
1292 5400 1354 5455 tres
1380 5411 1501 5455 menses
1523 5397 1610 5458 ndie

51 5480 195 5558 mttlssamm
217 5488 475 5551 Constitutionem
490 5486 607 5550 tenoris
624 5490 789 5569 sequentis,
841 5487 1068 5568 publicationis,
1087 5506 1140 5548 sen
1160 5487 1377 5549 notificationis
1392 5488 1608 5566 praesentium

53 5570 187 5642 uidelicet:
842 5582 915 5644 alias
938 5587 1043 5644 eoritra
1058 5597 1120 5654 eos,
1137 5580 1191 5661 qui
1204 5580 1284 5640 intre
1299 5579 1469 5642 terminum
1482 5579 1611 5662 praedic·
