<?xml version="1.0" encoding="UTF-8"?>
<!DOCTYPE html PUBLIC "-//W3C//DTD XHTML 1.0 Transitional//EN"
    "http://www.w3.org/TR/xhtml1/DTD/xhtml1-transitional.dtd">
<html xmlns="http://www.w3.org/1999/xhtml" xml:lang="en" lang="en">
 <head>
  <title>
</title>
<meta http-equiv="Content-Type" content="text/html;charset=utf-8" />
  <meta name='ocr-system' content='tesseract 3.04.00' />
  <meta name='ocr-capabilities' content='ocr_page ocr_carea ocr_par ocr_line ocrx_word'/>
</head>
<body>
  <div class='ocr_page' id='page_1' title='image "./theologiamorali00busegoog_0559.png"; bbox 0 0 3946 6344; ppageno 0'>
   <div class='ocr_carea' id='block_1_1' title="bbox 97 597 1586 794">
    <p class='ocr_par' dir='ltr' id='par_1_1' title="bbox 97 597 1586 794">
     <span class='ocr_line' id='line_1_1' title="bbox 97 597 1586 794; baseline -0.001 0"><span class='ocrx_word' id='word_1_1' title='bbox 97 603 675 794; x_wconf 82' lang='lat' dir='ltr'>LIBER</span> <span class='ocrx_word' id='word_1_2' title='bbox 800 597 1586 793; x_wconf 81' lang='lat' dir='ltr'><strong>TERTIUS</strong></span> 
     </span>
    </p>
   </div>
   <div class='ocr_carea' id='block_1_2' title="bbox 490 952 1172 1046">
    <p class='ocr_par' dir='ltr' id='par_1_2' title="bbox 490 952 1172 1046">
     <span class='ocr_line' id='line_1_2' title="bbox 490 952 1172 1046; baseline -0.006 -18"><span class='ocrx_word' id='word_1_3' title='bbox 490 956 539 1028; x_wconf 86' lang='lat' dir='ltr'><strong>De</strong></span> <span class='ocrx_word' id='word_1_4' title='bbox 561 955 739 1046; x_wconf 87' lang='lat' dir='ltr'><strong>Praeceptis</strong></span> <span class='ocrx_word' id='word_1_5' title='bbox 758 952 928 1044; x_wconf 87' lang='lat' dir='ltr'><strong>Decalogi,</strong></span> <span class='ocrx_word' id='word_1_6' title='bbox 951 963 985 1026; x_wconf 88' lang='grc'><strong>31</strong></span> <span class='ocrx_word' id='word_1_7' title='bbox 1004 953 1172 1026; x_wconf 83' lang='grc' dir='ltr'><em>Ε3313313.</em></span> 
     </span>
    </p>
   </div>
   <div class='ocr_carea' id='block_1_3' title="bbox 115 1407 734 1621">
    <p class='ocr_par' dir='ltr' id='par_1_3' title="bbox 115 1407 734 1621">
     <span class='ocr_line' id='line_1_3' title="bbox 293 1407 554 1472; baseline 0.008 -4"><span class='ocrx_word' id='word_1_8' title='bbox 293 1407 396 1470; x_wconf 84' lang='lat' dir='ltr'><strong>PARS</strong></span> <span class='ocrx_word' id='word_1_9' title='bbox 415 1409 554 1472; x_wconf 87' lang='lat' dir='ltr'><strong>PRIMA.</strong></span> 
     </span>
     <span class='ocr_line' id='line_1_4' title="bbox 115 1536 734 1621; baseline 0.003 -23"><span class='ocrx_word' id='word_1_10' title='bbox 115 1536 156 1598; x_wconf 83' lang='lat' dir='ltr'><strong>Dr</strong></span> <span class='ocrx_word' id='word_1_11' title='bbox 167 1544 273 1618; x_wconf 83' lang='lat' dir='ltr'><strong>uptun</strong></span> <span class='ocrx_word' id='word_1_12' title='bbox 282 1538 397 1618; x_wconf 82' lang='lat' dir='ltr'><strong>primis</strong></span> <span class='ocrx_word' id='word_1_13' title='bbox 415 1537 577 1621; x_wconf 71' lang='lat' dir='ltr'><strong>Praeceptis</strong></span> <span class='ocrx_word' id='word_1_14' title='bbox 589 1538 734 1621; x_wconf 77' lang='lat' dir='ltr'><strong>Deculopi.</strong></span> 
     </span>
    </p>
   </div>
   <div class='ocr_carea' id='block_1_4' title="bbox 25 1656 814 3130">
    <p class='ocr_par' dir='ltr' id='par_1_4' title="bbox 25 1656 811 1904">
     <span class='ocr_line' id='line_1_5' title="bbox 25 1656 810 1742; baseline 0.008 -26"><span class='ocrx_word' id='word_1_15' title='bbox 25 1659 37 1716; x_wconf 90' lang='grc'><strong>1</strong></span> <span class='ocrx_word' id='word_1_16' title='bbox 92 1656 192 1734; x_wconf 82' lang='grc'><em>03331.</em></span> <span class='ocrx_word' id='word_1_17' title='bbox 219 1661 248 1718; x_wconf 88' lang='grc'><strong>1.</strong></span> <span class='ocrx_word' id='word_1_18' title='bbox 278 1658 420 1720; x_wconf 89' lang='lat' dir='ltr'><strong>addenda</strong></span> <span class='ocrx_word' id='word_1_19' title='bbox 435 1659 486 1719; x_wconf 92' lang='lat' dir='ltr'><strong>hic</strong></span> <span class='ocrx_word' id='word_1_20' title='bbox 503 1665 564 1721; x_wconf 88' lang='lat' dir='ltr'><strong>est:</strong></span> <span class='ocrx_word' id='word_1_21' title='bbox 589 1661 635 1721; x_wconf 85' lang='lat' dir='ltr'><strong>Au</strong></span> <span class='ocrx_word' id='word_1_22' title='bbox 659 1665 810 1742; x_wconf 78' lang='lat' dir='ltr'><strong>praecepta</strong></span> 
     </span>
     <span class='ocr_line' id='line_1_6' title="bbox 57 1747 811 1836; baseline 0.007 -27"><span class='ocrx_word' id='word_1_23' title='bbox 57 1747 107 1810; x_wconf 81' lang='lat' dir='ltr'><strong>Ilei</strong></span> <span class='ocrx_word' id='word_1_24' title='bbox 115 1749 258 1811; x_wconf 86' lang='lat' dir='ltr'><strong>obseruari</strong></span> <span class='ocrx_word' id='word_1_25' title='bbox 268 1751 389 1832; x_wconf 71' lang='lat' dir='ltr'><strong>paratim,</strong></span> <span class='ocrx_word' id='word_1_26' title='bbox 404 1749 544 1836; x_wconf 83' lang='lat' dir='ltr'><strong>deturque</strong></span> <span class='ocrx_word' id='word_1_27' title='bbox 556 1750 811 1834; x_wconf 72' lang='lat' dir='ltr'><strong>protiosusfieieus</strong></span> 
     </span>
     <span class='ocr_line' id='line_1_7' title="bbox 56 1839 360 1904; baseline 0.01 -3"><span class='ocrx_word' id='word_1_28' title='bbox 56 1839 90 1901; x_wconf 91' lang='lat' dir='ltr'><strong>ud</strong></span> <span class='ocrx_word' id='word_1_29' title='bbox 100 1841 149 1902; x_wconf 88' lang='lat' dir='ltr'><strong>iiia</strong></span> <span class='ocrx_word' id='word_1_30' title='bbox 162 1841 360 1904; x_wconf 80' lang='lat' dir='ltr'><strong>obseruanda?</strong></span> 
     </span>
    </p>

    <p class='ocr_par' dir='ltr' id='par_1_5' title="bbox 53 1935 814 3130">
     <span class='ocr_line' id='line_1_8' title="bbox 88 1935 812 2018; baseline 0.004 -25"><span class='ocrx_word' id='word_1_31' title='bbox 88 1935 173 2015; x_wconf 88' lang='lat' dir='ltr'><strong>Resp.</strong></span> <span class='ocrx_word' id='word_1_32' title='bbox 202 1935 221 2015; x_wconf 59' lang='grc' dir='ltr'>ᾗ</span> <span class='ocrx_word' id='word_1_33' title='bbox 246 1935 272 1998; x_wconf 94' lang='grc' dir='ltr'><em>Ι.</em></span> <span class='ocrx_word' id='word_1_34' title='bbox 302 1936 468 1997; x_wconf 82' lang='lat' dir='ltr'><strong>bansenius</strong></span> <span class='ocrx_word' id='word_1_35' title='bbox 493 1935 608 2014; x_wconf 90' lang='lat' dir='ltr'><strong>docuit,</strong></span> <span class='ocrx_word' id='word_1_36' title='bbox 631 1936 735 2018; x_wconf 89' lang='lat' dir='ltr'><strong>aliqua</strong></span> <span class='ocrx_word' id='word_1_37' title='bbox 756 1936 812 1998; x_wconf 88' lang='lat' dir='ltr'><strong>Dei</strong></span> 
     </span>
     <span class='ocr_line' id='line_1_9' title="bbox 54 2027 810 2110; baseline 0.008 -24"><span class='ocrx_word' id='word_1_38' title='bbox 54 2033 191 2108; x_wconf 82' lang='lat' dir='ltr'><strong>precepta</strong></span> <span class='ocrx_word' id='word_1_39' title='bbox 210 2027 304 2089; x_wconf 89' lang='lat' dir='ltr'><strong>etiam</strong></span> <span class='ocrx_word' id='word_1_40' title='bbox 318 2047 336 2089; x_wconf 92' lang='lat' dir='ltr'><strong>a</strong></span> <span class='ocrx_word' id='word_1_41' title='bbox 352 2030 369 2090; x_wconf 89' lang='lat' dir='ltr'>J</span> <span class='ocrx_word' id='word_1_42' title='bbox 371 2029 447 2090; x_wconf 91' lang='lat' dir='ltr'><strong>ustis</strong></span> <span class='ocrx_word' id='word_1_43' title='bbox 460 2029 617 2090; x_wconf 89' lang='lat' dir='ltr'><strong>observari</strong></span> <span class='ocrx_word' id='word_1_44' title='bbox 630 2049 694 2091; x_wconf 90' lang='lat' dir='ltr'><strong>non</strong></span> <span class='ocrx_word' id='word_1_45' title='bbox 706 2048 810 2110; x_wconf 87' lang='lat' dir='ltr'><strong>posse,</strong></span> 
     </span>
     <span class='ocr_line' id='line_1_10' title="bbox 56 2119 810 2203; baseline 0.009 -26"><span class='ocrx_word' id='word_1_46' title='bbox 56 2124 80 2177; x_wconf 93' lang='lat' dir='ltr'><strong>et</strong></span> <span class='ocrx_word' id='word_1_47' title='bbox 96 2119 194 2180; x_wconf 83' lang='lat' dir='ltr'><strong>deesse</strong></span> <span class='ocrx_word' id='word_1_48' title='bbox 222 2121 375 2199; x_wconf 63' lang='grc'><em>33311333,</em></span> <span class='ocrx_word' id='word_1_49' title='bbox 405 2141 466 2202; x_wconf 90' lang='lat' dir='ltr'><strong>qua</strong></span> <span class='ocrx_word' id='word_1_50' title='bbox 493 2122 649 2184; x_wconf 83' lang='lat' dir='ltr'><strong>observari</strong></span> <span class='ocrx_word' id='word_1_51' title='bbox 670 2123 810 2203; x_wconf 78' lang='lat' dir='ltr'><strong>possint:</strong></span> 
     </span>
     <span class='ocr_line' id='line_1_11' title="bbox 56 2211 813 2277; baseline 0.007 -7"><span class='ocrx_word' id='word_1_52' title='bbox 56 2211 108 2271; x_wconf 84' lang='lat' dir='ltr'><strong>Sed</strong></span> <span class='ocrx_word' id='word_1_53' title='bbox 120 2214 223 2274; x_wconf 92' lang='lat' dir='ltr'><strong>lnnoc.</strong></span> <span class='ocrx_word' id='word_1_54' title='bbox 239 2215 270 2274; x_wconf 92' lang='lat' dir='ltr'>X</span> <span class='ocrx_word' id='word_1_55' title='bbox 300 2221 331 2274; x_wconf 89' lang='lat' dir='ltr'><strong>ct</strong></span> <span class='ocrx_word' id='word_1_56' title='bbox 343 2215 494 2276; x_wconf 76' lang='lat' dir='ltr'><strong>Alexand.</strong></span> <span class='ocrx_word' id='word_1_57' title='bbox 509 2215 565 2274; x_wconf 88' lang='lat' dir='ltr'><strong>Vll</strong></span> <span class='ocrx_word' id='word_1_58' title='bbox 593 2215 674 2276; x_wconf 92' lang='lat' dir='ltr'><strong>hanc</strong></span> <span class='ocrx_word' id='word_1_59' title='bbox 688 2217 710 2275; x_wconf 95' lang='lat' dir='ltr'><strong>l.</strong></span> <span class='ocrx_word' id='word_1_60' title='bbox 739 2215 813 2277; x_wconf 83' lang='lat' dir='ltr'><strong>dau-</strong></span> 
     </span>
     <span class='ocr_line' id='line_1_12' title="bbox 54 2305 814 2390; baseline 0.004 -25"><span class='ocrx_word' id='word_1_61' title='bbox 54 2305 119 2365; x_wconf 85' lang='lat' dir='ltr'><strong>sem&#39;i</strong></span> <span class='ocrx_word' id='word_1_62' title='bbox 135 2323 257 2386; x_wconf 85' lang='lat' dir='ltr'><strong>propos.</strong></span> <span class='ocrx_word' id='word_1_63' title='bbox 282 2305 395 2388; x_wconf 83' lang='lat' dir='ltr'><strong>Aliqua</strong></span> <span class='ocrx_word' id='word_1_64' title='bbox 407 2305 463 2368; x_wconf 86' lang='lat' dir='ltr'><strong>Dei</strong></span> <span class='ocrx_word' id='word_1_65' title='bbox 478 2315 628 2390; x_wconf 74' lang='lat' dir='ltr'><strong>precepta</strong></span> <span class='ocrx_word' id='word_1_66' title='bbox 647 2307 814 2368; x_wconf 82' lang='lat' dir='ltr'><strong>bominibus</strong></span> 
     </span>
     <span class='ocr_line' id='line_1_13' title="bbox 54 2395 812 2484; baseline 0.008 -28"><span class='ocrx_word' id='word_1_67' title='bbox 54 2395 137 2456; x_wconf 79' lang='lat' dir='ltr'><strong>bustis</strong></span> <span class='ocrx_word' id='word_1_68' title='bbox 150 2396 324 2475; x_wconf 82' lang='lat' dir='ltr'><strong>uolentibus,</strong></span> <span class='ocrx_word' id='word_1_69' title='bbox 338 2404 366 2459; x_wconf 89' lang='grc'><strong>31</strong></span> <span class='ocrx_word' id='word_1_70' title='bbox 380 2399 716 2461; x_wconf 79' lang='grc'><em>33333111333333331333</em></span> <span class='ocrx_word' id='word_1_71' title='bbox 725 2419 812 2484; x_wconf 84' lang='lat' dir='ltr'><strong>proe-</strong></span> 
     </span>
     <span class='ocr_line' id='line_1_14' title="bbox 54 2487 810 2574; baseline 0.009 -27"><span class='ocrx_word' id='word_1_72' title='bbox 54 2495 142 2566; x_wconf 84' lang='grc'><em>333133,</em></span> <span class='ocrx_word' id='word_1_73' title='bbox 169 2509 243 2571; x_wconf 85' lang='lat' dir='ltr'><strong>quus</strong></span> <span class='ocrx_word' id='word_1_74' title='bbox 266 2487 371 2552; x_wconf 81' lang='lat' dir='ltr'><strong>baberet</strong></span> <span class='ocrx_word' id='word_1_75' title='bbox 393 2492 569 2562; x_wconf 75' lang='grc'><em>3133333331</em></span> <span class='ocrx_word' id='word_1_76' title='bbox 596 2492 810 2574; x_wconf 84' lang='lat' dir='ltr'><strong>impossibilia,</strong></span> 
     </span>
     <span class='ocr_line' id='line_1_15' title="bbox 53 2577 811 2668; baseline 0.009 -28"><span class='ocrx_word' id='word_1_77' title='bbox 53 2577 120 2642; x_wconf 80' lang='lat' dir='ltr'><strong>deest</strong></span> <span class='ocrx_word' id='word_1_78' title='bbox 132 2601 244 2664; x_wconf 84' lang='lat' dir='ltr'><strong>quoque</strong></span> <span class='ocrx_word' id='word_1_79' title='bbox 268 2582 463 2665; x_wconf 71' lang='grc'><em>1113933113,</em></span> <span class='ocrx_word' id='word_1_80' title='bbox 485 2606 542 2666; x_wconf 83' lang='lat' dir='ltr'><strong>qua</strong></span> <span class='ocrx_word' id='word_1_81' title='bbox 554 2585 702 2667; x_wconf 83' lang='lat' dir='ltr'><strong>possibilia</strong></span> <span class='ocrx_word' id='word_1_82' title='bbox 714 2585 811 2668; x_wconf 82' lang='lat' dir='ltr'><strong>fiant,</strong></span> 
     </span>
     <span class='ocr_line' id='line_1_16' title="bbox 54 2673 813 2758; baseline 0.009 -25"><span class='ocrx_word' id='word_1_83' title='bbox 54 2673 232 2736; x_wconf 73' lang='lat' dir='ltr'><strong>domnamant</strong></span> <span class='ocrx_word' id='word_1_84' title='bbox 244 2675 341 2736; x_wconf 86' lang='lat' dir='ltr'><strong>veluti</strong></span> <span class='ocrx_word' id='word_1_85' title='bbox 353 2679 560 2747; x_wconf 80' lang='lat' dir='ltr'><strong>temerariam,</strong></span> <span class='ocrx_word' id='word_1_86' title='bbox 577 2679 721 2758; x_wconf 89' lang='lat' dir='ltr'><strong>impiam,</strong></span> <span class='ocrx_word' id='word_1_87' title='bbox 732 2679 813 2740; x_wconf 90' lang='lat' dir='ltr'><strong>blas·</strong></span> 
     </span>
     <span class='ocr_line' id='line_1_17' title="bbox 55 2765 812 2846; baseline 0.011 -20"><span class='ocrx_word' id='word_1_88' title='bbox 55 2765 201 2846; x_wconf 87' lang='lat' dir='ltr'><strong>phemam,</strong></span> <span class='ocrx_word' id='word_1_89' title='bbox 221 2769 411 2831; x_wconf 74' lang='lat' dir='ltr'><strong>haereticam.</strong></span> <span class='ocrx_word' id='word_1_90' title='bbox 428 2770 577 2834; x_wconf 81' lang='lat' dir='ltr'><strong>Similiter</strong></span> <span class='ocrx_word' id='word_1_91' title='bbox 594 2770 677 2834; x_wconf 82' lang='lat' dir='ltr'><strong>Trid.</strong></span> <span class='ocrx_word' id='word_1_92' title='bbox 700 2791 765 2834; x_wconf 91' lang='grc'><em>3333.</em></span> <span class='ocrx_word' id='word_1_93' title='bbox 782 2775 812 2833; x_wconf 89' lang='grc'><strong>6.</strong></span> 
     </span>
     <span class='ocr_line' id='line_1_18' title="bbox 55 2861 812 2938; baseline 0.013 -20"><span class='ocrx_word' id='word_1_94' title='bbox 55 2877 76 2919; x_wconf 97' lang='grc'><strong>3.</strong></span> <span class='ocrx_word' id='word_1_95' title='bbox 92 2863 138 2922; x_wconf 91' lang='grc'><strong>11.</strong></span> <span class='ocrx_word' id='word_1_96' title='bbox 153 2863 215 2923; x_wconf 88' lang='lat' dir='ltr'><strong>ait:</strong></span> <span class='ocrx_word' id='word_1_97' title='bbox 232 2861 319 2924; x_wconf 83' lang='lat' dir='ltr'><strong>Debet</strong></span> <span class='ocrx_word' id='word_1_98' title='bbox 330 2882 412 2924; x_wconf 80' lang='lat' dir='ltr'><strong>nemo</strong></span> <span class='ocrx_word' id='word_1_99' title='bbox 422 2865 579 2926; x_wconf 87' lang='lat' dir='ltr'><strong>temeraria</strong></span> <span class='ocrx_word' id='word_1_100' title='bbox 589 2864 654 2938; x_wconf 87' lang='lat' dir='ltr'><strong>illa,</strong></span> <span class='ocrx_word' id='word_1_101' title='bbox 671 2873 699 2926; x_wconf 90' lang='lat' dir='ltr'><strong>et</strong></span> <span class='ocrx_word' id='word_1_102' title='bbox 712 2885 730 2927; x_wconf 90' lang='grc'><strong>3</strong></span> <span class='ocrx_word' id='word_1_103' title='bbox 744 2866 812 2928; x_wconf 87' lang='grc' dir='ltr'><em>ΡΡ.</em></span> 
     </span>
     <span class='ocr_line' id='line_1_19' title="bbox 53 2951 813 3039; baseline 0.012 -28"><span class='ocrx_word' id='word_1_104' title='bbox 53 2951 98 3012; x_wconf 87' lang='lat' dir='ltr'><strong>sub</strong></span> <span class='ocrx_word' id='word_1_105' title='bbox 110 2953 294 3017; x_wconf 84' lang='lat' dir='ltr'><strong>aaatbemate</strong></span> <span class='ocrx_word' id='word_1_106' title='bbox 303 2955 392 3038; x_wconf 85' lang='lat' dir='ltr'><strong>probi</strong></span> <span class='ocrx_word' id='word_1_107' title='bbox 395 2955 456 3018; x_wconf 86' lang='lat' dir='ltr'><strong>bita</strong></span> <span class='ocrx_word' id='word_1_108' title='bbox 465 2976 529 3018; x_wconf 90' lang='lat' dir='ltr'><strong>uoee</strong></span> <span class='ocrx_word' id='word_1_109' title='bbox 538 2959 602 3036; x_wconf 89' lang='lat' dir='ltr'><strong>uti,</strong></span> <span class='ocrx_word' id='word_1_110' title='bbox 618 2955 675 3018; x_wconf 88' lang='lat' dir='ltr'><strong>Dei</strong></span> <span class='ocrx_word' id='word_1_111' title='bbox 681 2977 813 3039; x_wconf 80' lang='lat' dir='ltr'><strong>precaep-</strong></span> 
     </span>
     <span class='ocr_line' id='line_1_20' title="bbox 55 3045 814 3130; baseline 0.013 -27"><span class='ocrx_word' id='word_1_112' title='bbox 55 3051 84 3104; x_wconf 88' lang='lat' dir='ltr'><strong>tu</strong></span> <span class='ocrx_word' id='word_1_113' title='bbox 95 3045 207 3108; x_wconf 83' lang='lat' dir='ltr'><strong>bomini</strong></span> <span class='ocrx_word' id='word_1_114' title='bbox 220 3047 388 3130; x_wconf 86' lang='lat' dir='ltr'><strong>justificato</strong></span> <span class='ocrx_word' id='word_1_115' title='bbox 403 3048 443 3112; x_wconf 89' lang='lat' dir='ltr'><strong>ud</strong></span> <span class='ocrx_word' id='word_1_116' title='bbox 459 3048 663 3112; x_wconf 76' lang='lat' dir='ltr'><strong>obseruandum</strong></span> <span class='ocrx_word' id='word_1_117' title='bbox 682 3055 814 3113; x_wconf 83' lang='grc'><em>3333133-</em></span> 
     </span>
    </p>
   </div>
   <div class='ocr_carea' id='block_1_5' title="bbox 859 1379 1677 3128">
    <p class='ocr_par' dir='ltr' id='par_1_6' title="bbox 859 1379 1677 2390">
     <span class='ocr_line' id='line_1_21' title="bbox 860 1379 1630 1464; baseline -0.008 -18"><span class='ocrx_word' id='word_1_118' title='bbox 860 1383 1005 1446; x_wconf 85' lang='lat' dir='ltr'><strong>Iuteriori</strong></span> <span class='ocrx_word' id='word_1_119' title='bbox 1027 1386 1134 1464; x_wconf 71' lang='grc'><em>3331133</em></span> <span class='ocrx_word' id='word_1_120' title='bbox 1158 1385 1190 1442; x_wconf 86' lang='lat' dir='ltr'><strong>iu</strong></span> <span class='ocrx_word' id='word_1_121' title='bbox 1213 1385 1292 1444; x_wconf 85' lang='lat' dir='ltr'><strong>statu</strong></span> <span class='ocrx_word' id='word_1_122' title='bbox 1310 1389 1429 1444; x_wconf 72' lang='lat' dir='ltr'><strong>maturae</strong></span> <span class='ocrx_word' id='word_1_123' title='bbox 1444 1379 1534 1462; x_wconf 83' lang='lat' dir='ltr'><strong>lapsu</strong></span> <span class='ocrx_word' id='word_1_124' title='bbox 1553 1399 1630 1440; x_wconf 88' lang='lat' dir='ltr'><strong>uuu-</strong></span> 
     </span>
     <span class='ocr_line' id='line_1_22' title="bbox 860 1472 1633 1558; baseline -0.003 -22"><span class='ocrx_word' id='word_1_125' title='bbox 860 1495 948 1558; x_wconf 79' lang='lat' dir='ltr'><strong>quam</strong></span> <span class='ocrx_word' id='word_1_126' title='bbox 968 1476 1129 1536; x_wconf 73' lang='lat' dir='ltr'><strong>resistitur.</strong></span> <span class='ocrx_word' id='word_1_127' title='bbox 1157 1473 1416 1553; x_wconf 87' lang='lat' dir='ltr'><strong>Semi-Pelagiani</strong></span> <span class='ocrx_word' id='word_1_128' title='bbox 1436 1472 1633 1534; x_wconf 79' lang='lat' dir='ltr'><strong>admittebant</strong></span> 
     </span>
     <span class='ocr_line' id='line_1_23' title="bbox 859 1565 1632 1650; baseline -0.004 -22"><span class='ocrx_word' id='word_1_129' title='bbox 859 1567 1065 1650; x_wconf 71' lang='lat' dir='ltr'><strong>prevenientes</strong></span> <span class='ocrx_word' id='word_1_130' title='bbox 1082 1568 1191 1649; x_wconf 80' lang='lat' dir='ltr'><strong>prutiee</strong></span> <span class='ocrx_word' id='word_1_131' title='bbox 1206 1567 1355 1628; x_wconf 82' lang='lat' dir='ltr'><strong>interioris</strong></span> <span class='ocrx_word' id='word_1_132' title='bbox 1373 1565 1568 1629; x_wconf 83' lang='lat' dir='ltr'><strong>necessitatem</strong></span> <span class='ocrx_word' id='word_1_133' title='bbox 1592 1565 1632 1626; x_wconf 90' lang='lat' dir='ltr'><strong>ad</strong></span> 
     </span>
     <span class='ocr_line' id='line_1_24' title="bbox 859 1656 1631 1742; baseline -0.005 -22"><span class='ocrx_word' id='word_1_134' title='bbox 859 1659 992 1742; x_wconf 82' lang='lat' dir='ltr'><strong>sr&#39;upulos</strong></span> <span class='ocrx_word' id='word_1_135' title='bbox 1004 1669 1098 1734; x_wconf 78' lang='lat' dir='ltr'><strong>actus,</strong></span> <span class='ocrx_word' id='word_1_136' title='bbox 1124 1659 1212 1722; x_wconf 89' lang='lat' dir='ltr'><strong>etium</strong></span> <span class='ocrx_word' id='word_1_137' title='bbox 1231 1657 1272 1720; x_wconf 90' lang='lat' dir='ltr'><strong>ad</strong></span> <span class='ocrx_word' id='word_1_138' title='bbox 1292 1657 1412 1718; x_wconf 82' lang='lat' dir='ltr'><strong>initium</strong></span> <span class='ocrx_word' id='word_1_139' title='bbox 1429 1656 1534 1726; x_wconf 88' lang='lat' dir='ltr'><strong>Fidei;</strong></span> <span class='ocrx_word' id='word_1_140' title='bbox 1558 1665 1586 1718; x_wconf 87' lang='lat' dir='ltr'><strong>et</strong></span> <span class='ocrx_word' id='word_1_141' title='bbox 1601 1657 1631 1717; x_wconf 84' lang='lat' dir='ltr'><strong>in</strong></span> 
     </span>
     <span class='ocr_line' id='line_1_25' title="bbox 860 1749 1631 1833; baseline -0.004 -20"><span class='ocrx_word' id='word_1_142' title='bbox 860 1752 1009 1814; x_wconf 80' lang='grc'><em>13333331</em></span> <span class='ocrx_word' id='word_1_143' title='bbox 1030 1752 1193 1830; x_wconf 68' lang='lat' dir='ltr'><strong>Herculi,</strong></span> <span class='ocrx_word' id='word_1_144' title='bbox 1211 1749 1290 1833; x_wconf 84' lang='lat' dir='ltr'><strong>quod</strong></span> <span class='ocrx_word' id='word_1_145' title='bbox 1302 1749 1406 1811; x_wconf 80' lang='lat' dir='ltr'><strong>velient</strong></span> <span class='ocrx_word' id='word_1_146' title='bbox 1424 1769 1487 1810; x_wconf 90' lang='lat' dir='ltr'><strong>eam</strong></span> <span class='ocrx_word' id='word_1_147' title='bbox 1500 1750 1631 1830; x_wconf 81' lang='lat' dir='ltr'><strong>pralium</strong></span> 
     </span>
     <span class='ocr_line' id='line_1_26' title="bbox 862 1841 1631 1926; baseline -0.005 -20"><span class='ocrx_word' id='word_1_148' title='bbox 862 1844 1030 1922; x_wconf 72' lang='lat' dir='ltr'><strong>tatemere,</strong></span> <span class='ocrx_word' id='word_1_149' title='bbox 1047 1846 1097 1906; x_wconf 87' lang='lat' dir='ltr'><strong>eui</strong></span> <span class='ocrx_word' id='word_1_150' title='bbox 1102 1853 1198 1926; x_wconf 82' lang='lat' dir='ltr'><strong>posset</strong></span> <span class='ocrx_word' id='word_1_151' title='bbox 1212 1844 1341 1905; x_wconf 85' lang='grc'><em>1333333</em></span> <span class='ocrx_word' id='word_1_152' title='bbox 1355 1841 1488 1904; x_wconf 81' lang='lat' dir='ltr'><strong>uoluntas</strong></span> <span class='ocrx_word' id='word_1_153' title='bbox 1501 1842 1631 1903; x_wconf 86' lang='lat' dir='ltr'><strong>resistere</strong></span> 
     </span>
     <span class='ocr_line' id='line_1_27' title="bbox 862 1935 1632 2019; baseline -0.006 -20"><span class='ocrx_word' id='word_1_154' title='bbox 862 1938 907 2000; x_wconf 88' lang='lat' dir='ltr'><strong>uei</strong></span> <span class='ocrx_word' id='word_1_155' title='bbox 924 1938 1134 2019; x_wconf 86' lang='lat' dir='ltr'><strong>obtemperare.</strong></span> <span class='ocrx_word' id='word_1_156' title='bbox 1155 1937 1239 2000; x_wconf 85' lang='lat' dir='ltr'><strong>Trid.</strong></span> <span class='ocrx_word' id='word_1_157' title='bbox 1261 1939 1335 1998; x_wconf 88' lang='lat' dir='ltr'><strong>Sess.</strong></span> <span class='ocrx_word' id='word_1_158' title='bbox 1356 1939 1386 1998; x_wconf 78' lang='lat'><strong>6.</strong></span> <span class='ocrx_word' id='word_1_159' title='bbox 1417 1935 1492 1998; x_wconf 89' lang='lat' dir='ltr'><strong>Cau.</strong></span> <span class='ocrx_word' id='word_1_160' title='bbox 1508 1939 1538 1996; x_wconf 82' lang='grc'><strong>1.</strong></span> <span class='ocrx_word' id='word_1_161' title='bbox 1559 1954 1632 1995; x_wconf 89' lang='lat' dir='ltr'><strong>ana-</strong></span> 
     </span>
     <span class='ocr_line' id='line_1_28' title="bbox 861 2028 1631 2110; baseline -0.006 -18"><span class='ocrx_word' id='word_1_162' title='bbox 861 2031 996 2092; x_wconf 89' lang='lat' dir='ltr'><strong>themate</strong></span> <span class='ocrx_word' id='word_1_163' title='bbox 1005 2031 1076 2092; x_wconf 86' lang='lat' dir='ltr'><strong>ferit</strong></span> <span class='ocrx_word' id='word_1_164' title='bbox 1088 2032 1188 2108; x_wconf 89' lang='lat' dir='ltr'><strong>illum,</strong></span> <span class='ocrx_word' id='word_1_165' title='bbox 1203 2029 1374 2110; x_wconf 77' lang='lat' dir='ltr'><strong>quidixerit</strong></span> <span class='ocrx_word' id='word_1_166' title='bbox 1387 2028 1522 2088; x_wconf 89' lang='lat' dir='ltr'><strong>liberum</strong></span> <span class='ocrx_word' id='word_1_167' title='bbox 1532 2028 1631 2088; x_wconf 91' lang='lat' dir='ltr'><strong>homi-</strong></span> 
     </span>
     <span class='ocr_line' id='line_1_29' title="bbox 861 2121 1631 2199; baseline -0.005 -14"><span class='ocrx_word' id='word_1_168' title='bbox 861 2125 910 2185; x_wconf 90' lang='lat' dir='ltr'><strong>nis</strong></span> <span class='ocrx_word' id='word_1_169' title='bbox 938 2124 1101 2186; x_wconf 83' lang='lat' dir='ltr'><strong>arbitrium</strong></span> <span class='ocrx_word' id='word_1_170' title='bbox 1121 2144 1140 2185; x_wconf 91' lang='lat' dir='ltr'><strong>a</strong></span> <span class='ocrx_word' id='word_1_171' title='bbox 1160 2126 1225 2186; x_wconf 87' lang='lat' dir='ltr'><strong>Deo</strong></span> <span class='ocrx_word' id='word_1_172' title='bbox 1251 2131 1384 2199; x_wconf 82' lang='lat' dir='ltr'><strong>motum,</strong></span> <span class='ocrx_word' id='word_1_173' title='bbox 1411 2127 1442 2184; x_wconf 92' lang='lat' dir='ltr'><strong>et</strong></span> <span class='ocrx_word' id='word_1_174' title='bbox 1466 2121 1631 2182; x_wconf 80' lang='lat' dir='ltr'><strong>excitatum</strong></span> 
     </span>
     <span class='ocr_line' id='line_1_30' title="bbox 862 2216 1350 2297; baseline -0.004 -19"><span class='ocrx_word' id='word_1_175' title='bbox 862 2236 927 2278; x_wconf 92' lang='lat' dir='ltr'><strong>non</strong></span> <span class='ocrx_word' id='word_1_176' title='bbox 941 2235 1029 2297; x_wconf 87' lang='lat' dir='ltr'><strong>posse</strong></span> <span class='ocrx_word' id='word_1_177' title='bbox 1040 2217 1212 2294; x_wconf 87' lang='lat' dir='ltr'><strong>dissentire,</strong></span> <span class='ocrx_word' id='word_1_178' title='bbox 1226 2218 1249 2278; x_wconf 88' lang='lat' dir='ltr'><strong>si</strong></span> <span class='ocrx_word' id='word_1_179' title='bbox 1266 2216 1350 2276; x_wconf 86' lang='grc'><em>33111.</em></span> 
     </span>
     <span class='ocr_line' id='line_1_31' title="bbox 903 2305 1677 2390; baseline -0.001 -19"><span class='ocrx_word' id='word_1_180' title='bbox 903 2305 1630 2388; x_wconf 78' lang='lat' dir='ltr'><strong>§3.Sinnichiusdocuitgratiamsufficientem‚</strong></span> <span class='ocrx_word' id='word_1_181' title='bbox 1658 2330 1677 2390; x_wconf 86' lang='lat'><strong>3</strong></span> 
     </span>
    </p>

    <p class='ocr_par' dir='ltr' id='par_1_7' title="bbox 863 2401 1637 3128">
     <span class='ocr_line' id='line_1_32' title="bbox 863 2401 1633 2481; baseline 0.001 -20"><span class='ocrx_word' id='word_1_182' title='bbox 863 2420 933 2481; x_wconf 78' lang='lat' dir='ltr'><strong>quaa</strong></span> <span class='ocrx_word' id='word_1_183' title='bbox 948 2403 1073 2463; x_wconf 88' lang='lat' dir='ltr'><strong>daretur</strong></span> <span class='ocrx_word' id='word_1_184' title='bbox 1097 2402 1136 2464; x_wconf 90' lang='lat' dir='ltr'><strong>ad</strong></span> <span class='ocrx_word' id='word_1_185' title='bbox 1156 2401 1347 2462; x_wconf 89' lang='lat' dir='ltr'><strong>observanda</strong></span> <span class='ocrx_word' id='word_1_186' title='bbox 1368 2408 1539 2481; x_wconf 73' lang='lat' dir='ltr'><strong>precepta,</strong></span> <span class='ocrx_word' id='word_1_187' title='bbox 1568 2401 1633 2462; x_wconf 88' lang='lat' dir='ltr'><strong>iore</strong></span> 
     </span>
     <span class='ocr_line' id='line_1_33' title="bbox 864 2494 1634 2573; baseline -0.001 -18"><span class='ocrx_word' id='word_1_188' title='bbox 864 2494 1081 2573; x_wconf 89' lang='lat' dir='ltr'><strong>pemiciosam‚</strong></span> <span class='ocrx_word' id='word_1_189' title='bbox 1106 2495 1148 2555; x_wconf 91' lang='lat' dir='ltr'><strong>ita</strong></span> <span class='ocrx_word' id='word_1_190' title='bbox 1171 2499 1207 2556; x_wconf 92' lang='grc'><strong>31</strong></span> <span class='ocrx_word' id='word_1_191' title='bbox 1220 2495 1331 2555; x_wconf 90' lang='lat' dir='ltr'><strong>merito</strong></span> <span class='ocrx_word' id='word_1_192' title='bbox 1345 2509 1454 2569; x_wconf 86' lang='lat' dir='ltr'><strong>rogare</strong></span> <span class='ocrx_word' id='word_1_193' title='bbox 1475 2512 1634 2573; x_wconf 87' lang='lat' dir='ltr'><strong>possemus</strong></span> 
     </span>
     <span class='ocr_line' id='line_1_34' title="bbox 863 2586 1632 2667; baseline 0.001 -20"><span class='ocrx_word' id='word_1_194' title='bbox 863 2587 965 2648; x_wconf 90' lang='lat' dir='ltr'><strong>Deum</strong></span> <span class='ocrx_word' id='word_1_195' title='bbox 978 2587 1016 2667; x_wconf 69' lang='lat' dir='ltr'><strong>:]a</strong></span> <span class='ocrx_word' id='word_1_196' title='bbox 1028 2587 1307 2666; x_wconf 85' lang='lat' dir='ltr'><strong>gratia&#39;sufflciente</strong></span> <span class='ocrx_word' id='word_1_197' title='bbox 1320 2586 1418 2647; x_wconf 88' lang='lat' dir='ltr'><strong>libera</strong></span> <span class='ocrx_word' id='word_1_198' title='bbox 1425 2604 1481 2646; x_wconf 90' lang='lat' dir='ltr'><strong>nos</strong></span> <span class='ocrx_word' id='word_1_199' title='bbox 1490 2588 1632 2648; x_wconf 87' lang='lat' dir='ltr'><strong>Domine.</strong></span> 
     </span>
     <span class='ocr_line' id='line_1_35' title="bbox 865 2679 1631 2758; baseline -0.003 -16"><span class='ocrx_word' id='word_1_200' title='bbox 865 2680 924 2742; x_wconf 88' lang='lat' dir='ltr'><strong>Sed</strong></span> <span class='ocrx_word' id='word_1_201' title='bbox 938 2679 1089 2742; x_wconf 83' lang='lat' dir='ltr'><strong>Alexand.</strong></span> <span class='ocrx_word' id='word_1_202' title='bbox 1109 2681 1177 2740; x_wconf 93' lang='lat' dir='ltr'><strong>Vlll</strong></span> <span class='ocrx_word' id='word_1_203' title='bbox 1206 2679 1490 2741; x_wconf 81' lang='lat' dir='ltr'><strong>damnavitbaucb.</strong></span> <span class='ocrx_word' id='word_1_204' title='bbox 1506 2679 1631 2758; x_wconf 89' lang='lat' dir='ltr'><strong>Propos.</strong></span> 
     </span>
     <span class='ocr_line' id='line_1_36' title="bbox 867 2770 1634 2853; baseline -0.003 -19"><span class='ocrx_word' id='word_1_205' title='bbox 867 2770 973 2834; x_wconf 83' lang='lat' dir='ltr'><strong>Gratia</strong></span> <span class='ocrx_word' id='word_1_206' title='bbox 988 2771 1141 2853; x_wconf 77' lang='lat' dir='ltr'><strong>sufficiam</strong></span> <span class='ocrx_word' id='word_1_207' title='bbox 1154 2772 1248 2832; x_wconf 89' lang='lat' dir='ltr'><strong>statui</strong></span> <span class='ocrx_word' id='word_1_208' title='bbox 1264 2779 1360 2832; x_wconf 88' lang='lat' dir='ltr'><strong>uostro</strong></span> <span class='ocrx_word' id='word_1_209' title='bbox 1378 2790 1436 2832; x_wconf 87' lang='grc'><strong>333</strong></span> <span class='ocrx_word' id='word_1_210' title='bbox 1455 2774 1518 2831; x_wconf 84' lang='lat' dir='ltr'><strong>tum</strong></span> <span class='ocrx_word' id='word_1_211' title='bbox 1538 2770 1634 2848; x_wconf 85' lang='lat' dir='ltr'><strong>utilis,</strong></span> 
     </span>
     <span class='ocr_line' id='line_1_37' title="bbox 865 2862 1637 2946; baseline 0 -22"><span class='ocrx_word' id='word_1_212' title='bbox 865 2883 953 2944; x_wconf 80' lang='lat' dir='ltr'><strong>quam</strong></span> <span class='ocrx_word' id='word_1_213' title='bbox 963 2865 1124 2945; x_wconf 82' lang='lat' dir='ltr'><strong>pumuimu</strong></span> <span class='ocrx_word' id='word_1_214' title='bbox 1139 2873 1194 2940; x_wconf 88' lang='grc'><em>331,</em></span> <span class='ocrx_word' id='word_1_215' title='bbox 1218 2864 1260 2925; x_wconf 86' lang='lat' dir='ltr'><strong>sic</strong></span> <span class='ocrx_word' id='word_1_216' title='bbox 1274 2871 1306 2924; x_wconf 93' lang='lat' dir='ltr'><strong>ut</strong></span> <span class='ocrx_word' id='word_1_217' title='bbox 1321 2862 1447 2946; x_wconf 82' lang='lat' dir='ltr'><strong>proinde</strong></span> <span class='ocrx_word' id='word_1_218' title='bbox 1460 2864 1564 2925; x_wconf 89' lang='lat' dir='ltr'><strong>merito</strong></span> <span class='ocrx_word' id='word_1_219' title='bbox 1571 2883 1637 2946; x_wconf 85' lang='lat' dir='ltr'><strong>pos-</strong></span> 
     </span>
     <span class='ocr_line' id='line_1_38' title="bbox 865 2955 1637 3038; baseline 0.001 -20"><span class='ocrx_word' id='word_1_220' title='bbox 865 2965 956 3018; x_wconf 81' lang='lat' dir='ltr'><strong>simus</strong></span> <span class='ocrx_word' id='word_1_221' title='bbox 966 2961 1076 3038; x_wconf 73' lang='lat' dir='ltr'><strong>petere</strong></span> <span class='ocrx_word' id='word_1_222' title='bbox 1090 2977 1109 3018; x_wconf 90' lang='grc'><strong>3</strong></span> <span class='ocrx_word' id='word_1_223' title='bbox 1124 2957 1224 3038; x_wconf 77' lang='lat' dir='ltr'><strong>pratia</strong></span> <span class='ocrx_word' id='word_1_224' title='bbox 1237 2955 1400 3038; x_wconf 70' lang='lat' dir='ltr'><strong>sufficiente</strong></span> <span class='ocrx_word' id='word_1_225' title='bbox 1415 2955 1637 3019; x_wconf 65' lang='grc'><em>[1133333313-</em></span> 
     </span>
     <span class='ocr_line' id='line_1_39' title="bbox 865 3048 1636 3128; baseline 0.003 -19"><span class='ocrx_word' id='word_1_226' title='bbox 865 3048 951 3111; x_wconf 89' lang='lat' dir='ltr'><strong>miue.</strong></span> <span class='ocrx_word' id='word_1_227' title='bbox 970 3049 1058 3110; x_wconf 90' lang='lat' dir='ltr'><strong>Unde</strong></span> <span class='ocrx_word' id='word_1_228' title='bbox 1072 3055 1191 3111; x_wconf 86' lang='lat' dir='ltr'><strong>certum</strong></span> <span class='ocrx_word' id='word_1_229' title='bbox 1205 3054 1269 3127; x_wconf 86' lang='lat' dir='ltr'><strong>est,</strong></span> <span class='ocrx_word' id='word_1_230' title='bbox 1295 3049 1427 3126; x_wconf 80' lang='lat' dir='ltr'><strong>gratiam</strong></span> <span class='ocrx_word' id='word_1_231' title='bbox 1445 3068 1524 3128; x_wconf 90' lang='lat' dir='ltr'><strong>pure</strong></span> <span class='ocrx_word' id='word_1_232' title='bbox 1550 3049 1636 3111; x_wconf 87' lang='lat' dir='ltr'><strong>sufii-</strong></span> 
     </span>
    </p>
   </div>
   <div class='ocr_carea' id='block_1_6' title="bbox 41 3138 1638 3318">
    <p class='ocr_par' dir='ltr' id='par_1_8' title="bbox 41 3138 1638 3318">
     <span class='ocr_line' id='line_1_40' title="bbox 41 3138 1637 3224; baseline 0.006 -28"><span class='ocrx_word' id='word_1_233' title='bbox 41 3138 221 3216; x_wconf 79' lang='lat' dir='ltr'><strong>possibilia:</strong></span> <span class='ocrx_word' id='word_1_234' title='bbox 244 3159 314 3202; x_wconf 84' lang='grc'><em>3333</em></span> <span class='ocrx_word' id='word_1_235' title='bbox 338 3140 415 3202; x_wconf 77' lang='lat' dir='ltr'><strong>Deris</strong></span> <span class='ocrx_word' id='word_1_236' title='bbox 441 3141 634 3222; x_wconf 85' lang='lat' dir='ltr'><strong>impossibilia</strong></span> <span class='ocrx_word' id='word_1_237' title='bbox 659 3163 716 3204; x_wconf 86' lang='grc'><strong>333</strong></span> <span class='ocrx_word' id='word_1_238' title='bbox 727 3143 816 3224; x_wconf 83' lang='lat' dir='ltr'><strong>jubet</strong></span> <span class='ocrx_word' id='word_1_239' title='bbox 867 3141 997 3206; x_wconf 89' lang='lat' dir='ltr'><strong>cientem</strong></span> <span class='ocrx_word' id='word_1_240' title='bbox 1011 3141 1077 3202; x_wconf 88' lang='lat' dir='ltr'><strong>dari</strong></span> <span class='ocrx_word' id='word_1_241' title='bbox 1090 3142 1328 3222; x_wconf 62' lang='lat' dir='ltr'><strong>nobiscumque</strong></span> <span class='ocrx_word' id='word_1_242' title='bbox 1349 3160 1413 3203; x_wconf 87' lang='lat' dir='ltr'><strong>esse</strong></span> <span class='ocrx_word' id='word_1_243' title='bbox 1427 3143 1546 3220; x_wconf 85' lang='lat' dir='ltr'><strong>utilem,</strong></span> <span class='ocrx_word' id='word_1_244' title='bbox 1563 3145 1637 3223; x_wconf 87' lang='lat' dir='ltr'><strong>quio</strong></span> 
     </span>
     <span class='ocr_line' id='line_1_41' title="bbox 52 3227 1638 3318; baseline 0.006 -30"><span class='ocrx_word' id='word_1_245' title='bbox 52 3227 97 3290; x_wconf 88' lang='lat' dir='ltr'><strong>sed</strong></span> <span class='ocrx_word' id='word_1_246' title='bbox 120 3231 252 3312; x_wconf 85' lang='lat' dir='ltr'><strong>jubendo</strong></span> <span class='ocrx_word' id='word_1_247' title='bbox 277 3241 389 3310; x_wconf 86' lang='lat' dir='ltr'><strong>mouet,</strong></span> <span class='ocrx_word' id='word_1_248' title='bbox 412 3238 441 3296; x_wconf 89' lang='lat' dir='ltr'><strong>et</strong></span> <span class='ocrx_word' id='word_1_249' title='bbox 454 3234 551 3315; x_wconf 82' lang='lat' dir='ltr'><strong>facere</strong></span> <span class='ocrx_word' id='word_1_250' title='bbox 574 3234 653 3315; x_wconf 83' lang='lat' dir='ltr'><strong>quod</strong></span> <span class='ocrx_word' id='word_1_251' title='bbox 666 3237 764 3318; x_wconf 76' lang='lat' dir='ltr'><strong>pomus,</strong></span> <span class='ocrx_word' id='word_1_252' title='bbox 789 3243 817 3298; x_wconf 89' lang='lat' dir='ltr'><strong>et</strong></span> <span class='ocrx_word' id='word_1_253' title='bbox 867 3234 1060 3318; x_wconf 83' lang='lat' dir='ltr'><strong>cooperando</strong></span> <span class='ocrx_word' id='word_1_254' title='bbox 1075 3251 1237 3315; x_wconf 89' lang='lat' dir='ltr'><strong>possumus</strong></span> <span class='ocrx_word' id='word_1_255' title='bbox 1250 3233 1349 3295; x_wconf 77' lang='lat' dir='ltr'><strong>faeere</strong></span> <span class='ocrx_word' id='word_1_256' title='bbox 1363 3233 1530 3310; x_wconf 82' lang='lat' dir='ltr'><strong>efficacem3</strong></span> <span class='ocrx_word' id='word_1_257' title='bbox 1544 3237 1580 3296; x_wconf 90' lang='lat' dir='ltr'><strong>Et</strong></span> <span class='ocrx_word' id='word_1_258' title='bbox 1595 3237 1638 3298; x_wconf 87' lang='lat' dir='ltr'><strong>ita</strong></span> 
     </span>
    </p>
   </div>
   <div class='ocr_carea' id='block_1_7' title="bbox 51 3323 814 3408">
    <p class='ocr_par' dir='ltr' id='par_1_9' title="bbox 51 3323 814 3408">
     <span class='ocr_line' id='line_1_42' title="bbox 51 3323 814 3408; baseline 0.01 -27"><span class='ocrx_word' id='word_1_259' title='bbox 51 3329 139 3400; x_wconf 85' lang='lat' dir='ltr'><strong>petere</strong></span> <span class='ocrx_word' id='word_1_260' title='bbox 162 3323 243 3404; x_wconf 83' lang='lat' dir='ltr'><strong>quod</strong></span> <span class='ocrx_word' id='word_1_261' title='bbox 264 3343 322 3386; x_wconf 86' lang='lat' dir='ltr'><strong>uou</strong></span> <span class='ocrx_word' id='word_1_262' title='bbox 338 3325 453 3406; x_wconf 83' lang='lat' dir='ltr'><strong>possis,</strong></span> <span class='ocrx_word' id='word_1_263' title='bbox 470 3336 497 3386; x_wconf 93' lang='lat' dir='ltr'><strong>et</strong></span> <span class='ocrx_word' id='word_1_264' title='bbox 510 3325 644 3407; x_wconf 83' lang='lat' dir='ltr'><strong>adjuvat,</strong></span> <span class='ocrx_word' id='word_1_265' title='bbox 662 3334 695 3388; x_wconf 90' lang='lat' dir='ltr'><strong>ut</strong></span> <span class='ocrx_word' id='word_1_266' title='bbox 707 3328 814 3408; x_wconf 85' lang='lat' dir='ltr'><strong>possis,</strong></span> 
     </span>
    </p>
   </div>
   <div class='ocr_carea' id='block_1_8' title="bbox 867 3325 1638 3407">
    <p class='ocr_par' dir='ltr' id='par_1_10' title="bbox 867 3325 1638 3407">
     <span class='ocr_line' id='line_1_43' title="bbox 867 3325 1638 3407; baseline 0.004 -20"><span class='ocrx_word' id='word_1_267' title='bbox 867 3325 970 3388; x_wconf 88' lang='lat' dir='ltr'><strong>doceri</strong></span> <span class='ocrx_word' id='word_1_268' title='bbox 994 3346 1013 3388; x_wconf 87' lang='lat' dir='ltr'><strong>a</strong></span> <span class='ocrx_word' id='word_1_269' title='bbox 1041 3327 1073 3388; x_wconf 89' lang='lat' dir='ltr'><strong>S.</strong></span> <span class='ocrx_word' id='word_1_270' title='bbox 1102 3331 1183 3407; x_wconf 84' lang='lat' dir='ltr'><strong>Aug.</strong></span> <span class='ocrx_word' id='word_1_271' title='bbox 1215 3328 1406 3388; x_wconf 88' lang='lat' dir='ltr'><strong>demonstrat</strong></span> <span class='ocrx_word' id='word_1_272' title='bbox 1440 3328 1526 3389; x_wconf 79' lang='lat' dir='ltr'><strong>Arid.</strong></span> <span class='ocrx_word' id='word_1_273' title='bbox 1555 3328 1638 3390; x_wconf 89' lang='lat' dir='ltr'><strong>inter</strong></span> 
     </span>
    </p>
   </div>
   <div class='ocr_carea' id='block_1_9' title="bbox 52 3411 1683 3600">
    <p class='ocr_par' dir='ltr' id='par_1_11' title="bbox 52 3411 1683 3600">
     <span class='ocr_line' id='line_1_44' title="bbox 54 3411 1462 3502; baseline 0.004 -28"><span class='ocrx_word' id='word_1_274' title='bbox 54 3411 123 3474; x_wconf 82' lang='lat' dir='ltr'><strong>Cau.</strong></span> <span class='ocrx_word' id='word_1_275' title='bbox 149 3419 198 3478; x_wconf 85' lang='grc'><strong>18.</strong></span> <span class='ocrx_word' id='word_1_276' title='bbox 223 3415 264 3478; x_wconf 81' lang='lat' dir='ltr'><strong>Si</strong></span> <span class='ocrx_word' id='word_1_277' title='bbox 288 3418 357 3498; x_wconf 78' lang='lat' dir='ltr'><strong>puis</strong></span> <span class='ocrx_word' id='word_1_278' title='bbox 378 3415 504 3494; x_wconf 72' lang='lat' dir='ltr'><strong>deberit,</strong></span> <span class='ocrx_word' id='word_1_279' title='bbox 528 3427 676 3502; x_wconf 79' lang='lat' dir='ltr'><strong>precepta</strong></span> <span class='ocrx_word' id='word_1_280' title='bbox 706 3419 820 3482; x_wconf 84' lang='lat' dir='ltr'><strong>domiui</strong></span> <span class='ocrx_word' id='word_1_281' title='bbox 868 3421 975 3482; x_wconf 89' lang='lat' dir='ltr'><strong>Coutr.</strong></span> <span class='ocrx_word' id='word_1_282' title='bbox 990 3423 1106 3481; x_wconf 88' lang='lat' dir='ltr'><strong>recent.</strong></span> <span class='ocrx_word' id='word_1_283' title='bbox 1122 3421 1160 3481; x_wconf 94' lang='lat' dir='ltr'><strong>de</strong></span> <span class='ocrx_word' id='word_1_284' title='bbox 1174 3422 1281 3499; x_wconf 87' lang='lat' dir='ltr'><strong>gratia,</strong></span> <span class='ocrx_word' id='word_1_285' title='bbox 1299 3440 1325 3482; x_wconf 88' lang='lat' dir='ltr'><strong>c.</strong></span> <span class='ocrx_word' id='word_1_286' title='bbox 1342 3421 1372 3480; x_wconf 72' lang='grc'><strong>1.</strong></span> <span class='ocrx_word' id='word_1_287' title='bbox 1386 3420 1414 3499; x_wconf 67' lang='grc' dir='ltr'><strong>ξ,</strong></span> <span class='ocrx_word' id='word_1_288' title='bbox 1432 3421 1462 3482; x_wconf 93' lang='grc'><strong>3.</strong></span> 
     </span>
     <span class='ocr_line' id='line_1_45' title="bbox 52 3505 1683 3600; baseline 0.008 -36"><span class='ocrx_word' id='word_1_289' title='bbox 52 3505 131 3567; x_wconf 72' lang='lat' dir='ltr'><strong>etaiam</strong></span> <span class='ocrx_word' id='word_1_290' title='bbox 143 3507 329 3589; x_wconf 73' lang='lat' dir='ltr'><strong>justificato,</strong></span> <span class='ocrx_word' id='word_1_291' title='bbox 359 3518 386 3570; x_wconf 89' lang='lat' dir='ltr'><strong>et</strong></span> <span class='ocrx_word' id='word_1_292' title='bbox 404 3511 457 3571; x_wconf 85' lang='lat' dir='ltr'><strong>sub</strong></span> <span class='ocrx_word' id='word_1_293' title='bbox 470 3515 571 3592; x_wconf 79' lang='lat' dir='ltr'><strong>pratia</strong></span> <span class='ocrx_word' id='word_1_294' title='bbox 586 3512 739 3574; x_wconf 83' lang='lat' dir='ltr'><strong>constituto</strong></span> <span class='ocrx_word' id='word_1_295' title='bbox 762 3532 818 3576; x_wconf 87' lang='lat' dir='ltr'><strong>esse</strong></span> <span class='ocrx_word' id='word_1_296' title='bbox 906 3511 932 3590; x_wconf 83' lang='lat'><strong>§.</strong></span> <span class='ocrx_word' id='word_1_297' title='bbox 949 3513 977 3572; x_wconf 81' lang='grc'><strong>1.</strong></span> <span class='ocrx_word' id='word_1_298' title='bbox 992 3511 1126 3579; x_wconf 84' lang='lat' dir='ltr'><strong>Quidam</strong></span> <span class='ocrx_word' id='word_1_299' title='bbox 1134 3512 1633 3592; x_wconf 88' lang='lat' dir='ltr'><strong>ReligiosiDuacensesinlibello:</strong></span> <span class='ocrx_word' id='word_1_300' title='bbox 1663 3543 1683 3600; x_wconf 67' lang='lat'>4</span> 
     </span>
    </p>
   </div>
   <div class='ocr_carea' id='block_1_10' title="bbox 51 3595 815 3684">
    <p class='ocr_par' dir='ltr' id='par_1_12' title="bbox 51 3595 815 3684">
     <span class='ocr_line' id='line_1_46' title="bbox 51 3595 815 3684; baseline 0.014 -28"><span class='ocrx_word' id='word_1_301' title='bbox 51 3595 87 3656; x_wconf 89' lang='lat' dir='ltr'><strong>ud</strong></span> <span class='ocrx_word' id='word_1_302' title='bbox 111 3599 322 3672; x_wconf 81' lang='lat' dir='ltr'><strong>obseruandum</strong></span> <span class='ocrx_word' id='word_1_303' title='bbox 346 3601 562 3684; x_wconf 83' lang='lat' dir='ltr'><strong>impossibilia,</strong></span> <span class='ocrx_word' id='word_1_304' title='bbox 592 3603 815 3668; x_wconf 75' lang='lat' dir='ltr'><strong>anathemasti.</strong></span> 
     </span>
    </p>
   </div>
   <div class='ocr_carea' id='block_1_11' title="bbox 52 3689 816 3776">
    <p class='ocr_par' dir='ltr' id='par_1_13' title="bbox 52 3689 816 3776">
     <span class='ocr_line' id='line_1_47' title="bbox 52 3689 816 3776; baseline 0.016 -28"><span class='ocrx_word' id='word_1_305' title='bbox 52 3689 201 3754; x_wconf 82' lang='lat' dir='ltr'><strong>Eumdem</strong></span> <span class='ocrx_word' id='word_1_306' title='bbox 225 3711 364 3755; x_wconf 88' lang='lat' dir='ltr'><strong>errorem</strong></span> <span class='ocrx_word' id='word_1_307' title='bbox 385 3696 505 3755; x_wconf 83' lang='lat' dir='ltr'><strong>vocavit</strong></span> <span class='ocrx_word' id='word_1_308' title='bbox 528 3695 650 3776; x_wconf 81' lang='lat' dir='ltr'><strong>S.Aug.</strong></span> <span class='ocrx_word' id='word_1_309' title='bbox 675 3697 816 3776; x_wconf 86' lang='lat' dir='ltr'><strong>stultum,</strong></span> 
     </span>
    </p>
   </div>
   <div class='ocr_carea' id='block_1_12' title="bbox 867 3603 1636 3778">
    <p class='ocr_par' dir='ltr' id='par_1_14' title="bbox 867 3603 1636 3778">
     <span class='ocr_line' id='line_1_48' title="bbox 867 3603 1636 3684; baseline 0.007 -20"><span class='ocrx_word' id='word_1_310' title='bbox 867 3605 911 3664; x_wconf 89' lang='lat' dir='ltr'><strong>De</strong></span> <span class='ocrx_word' id='word_1_311' title='bbox 922 3603 1053 3665; x_wconf 78' lang='grc'><em>83133113</em></span> <span class='ocrx_word' id='word_1_312' title='bbox 1064 3603 1169 3680; x_wconf 82' lang='lat' dir='ltr'><strong>meeleb,</strong></span> <span class='ocrx_word' id='word_1_313' title='bbox 1181 3625 1210 3667; x_wconf 86' lang='grc'><strong>3.</strong></span> <span class='ocrx_word' id='word_1_314' title='bbox 1224 3605 1293 3666; x_wconf 87' lang='grc'><em>168.</em></span> <span class='ocrx_word' id='word_1_315' title='bbox 1310 3605 1431 3678; x_wconf 85' lang='lat' dir='ltr'><strong>docent,</strong></span> <span class='ocrx_word' id='word_1_316' title='bbox 1441 3606 1636 3684; x_wconf 85' lang='lat' dir='ltr'><strong>quodhomo‚</strong></span> 
     </span>
     <span class='ocr_line' id='line_1_49' title="bbox 867 3697 1636 3778; baseline 0.005 -22"><span class='ocrx_word' id='word_1_317' title='bbox 867 3701 922 3776; x_wconf 88' lang='lat' dir='ltr'><strong>qui</strong></span> <span class='ocrx_word' id='word_1_318' title='bbox 935 3703 1019 3757; x_wconf 87' lang='lat' dir='ltr'><strong>earet</strong></span> <span class='ocrx_word' id='word_1_319' title='bbox 1031 3697 1131 3776; x_wconf 87' lang='lat' dir='ltr'><strong>gratio</strong></span> <span class='ocrx_word' id='word_1_320' title='bbox 1139 3697 1263 3758; x_wconf 89' lang='lat' dir='ltr'><strong>victrice</strong></span> <span class='ocrx_word' id='word_1_321' title='bbox 1277 3697 1425 3758; x_wconf 85' lang='lat' dir='ltr'><strong>reddatur</strong></span> <span class='ocrx_word' id='word_1_322' title='bbox 1434 3698 1586 3778; x_wconf 86' lang='lat' dir='ltr'><strong>impotens</strong></span> <span class='ocrx_word' id='word_1_323' title='bbox 1600 3699 1636 3760; x_wconf 89' lang='lat' dir='ltr'><strong>ad</strong></span> 
     </span>
    </p>
   </div>
   <div class='ocr_carea' id='block_1_13' title="bbox 53 3781 1638 3870">
    <p class='ocr_par' dir='ltr' id='par_1_15' title="bbox 53 3781 1638 3870">
     <span class='ocr_line' id='line_1_50' title="bbox 53 3781 1638 3870; baseline 0.006 -28"><span class='ocrx_word' id='word_1_324' title='bbox 53 3781 82 3843; x_wconf 86' lang='lat' dir='ltr'><strong>S.</strong></span> <span class='ocrx_word' id='word_1_325' title='bbox 105 3785 197 3846; x_wconf 88' lang='lat' dir='ltr'><strong>Basil.</strong></span> <span class='ocrx_word' id='word_1_326' title='bbox 221 3785 374 3866; x_wconf 89' lang='lat' dir='ltr'><strong>impium,</strong></span> <span class='ocrx_word' id='word_1_327' title='bbox 407 3787 439 3848; x_wconf 86' lang='lat' dir='ltr'><strong>S.</strong></span> <span class='ocrx_word' id='word_1_328' title='bbox 467 3789 594 3849; x_wconf 89' lang='lat' dir='ltr'><strong>Hieron.</strong></span> <span class='ocrx_word' id='word_1_329' title='bbox 623 3791 819 3853; x_wconf 87' lang='lat' dir='ltr'><strong>anathemate</strong></span> <span class='ocrx_word' id='word_1_330' title='bbox 867 3789 1026 3868; x_wconf 90' lang='lat' dir='ltr'><strong>implenda</strong></span> <span class='ocrx_word' id='word_1_331' title='bbox 1042 3790 1195 3851; x_wconf 90' lang='lat' dir='ltr'><strong>mandata.</strong></span> <span class='ocrx_word' id='word_1_332' title='bbox 1214 3791 1249 3850; x_wconf 91' lang='lat' dir='ltr'><strong>ln</strong></span> <span class='ocrx_word' id='word_1_333' title='bbox 1263 3790 1435 3870; x_wconf 89' lang='lat' dir='ltr'><strong>Triumpho</strong></span> <span class='ocrx_word' id='word_1_334' title='bbox 1450 3790 1638 3852; x_wconf 90' lang='lat' dir='ltr'><strong>Thomistico</strong></span> 
     </span>
    </p>
   </div>
   <div class='ocr_carea' id='block_1_14' title="bbox 51 3873 820 4058">
    <p class='ocr_par' dir='ltr' id='par_1_16' title="bbox 51 3873 820 4058">
     <span class='ocr_line' id='line_1_51' title="bbox 52 3873 820 3954; baseline 0.013 -20"><span class='ocrx_word' id='word_1_335' title='bbox 52 3873 195 3954; x_wconf 82' lang='lat' dir='ltr'><strong>dignum3</strong></span> <span class='ocrx_word' id='word_1_336' title='bbox 218 3878 264 3938; x_wconf 92' lang='lat' dir='ltr'><strong>uti</strong></span> <span class='ocrx_word' id='word_1_337' title='bbox 285 3878 424 3939; x_wconf 83' lang='lat' dir='ltr'><strong>adductis</strong></span> <span class='ocrx_word' id='word_1_338' title='bbox 438 3898 547 3940; x_wconf 89' lang='lat' dir='ltr'><strong>eorum</strong></span> <span class='ocrx_word' id='word_1_339' title='bbox 565 3881 667 3942; x_wconf 87' lang='lat' dir='ltr'><strong>verbis</strong></span> <span class='ocrx_word' id='word_1_340' title='bbox 688 3885 820 3945; x_wconf 83' lang='lat' dir='ltr'><strong>ostendit</strong></span> 
     </span>
     <span class='ocr_line' id='line_1_52' title="bbox 51 3967 818 4058; baseline 0.014 -32"><span class='ocrx_word' id='word_1_341' title='bbox 51 3967 121 4029; x_wconf 85' lang='lat' dir='ltr'><strong>Eliz.</strong></span> <span class='ocrx_word' id='word_1_342' title='bbox 143 3974 167 4030; x_wconf 88' lang='grc'><strong>1.</strong></span> <span class='ocrx_word' id='word_1_343' title='bbox 180 3971 212 4031; x_wconf 90' lang='grc'><strong>7.</strong></span> <span class='ocrx_word' id='word_1_344' title='bbox 229 3989 258 4058; x_wconf 89' lang='lat' dir='ltr'><strong>q.</strong></span> <span class='ocrx_word' id='word_1_345' title='bbox 275 3971 304 4030; x_wconf 85' lang='lat'><strong>5.</strong></span> <span class='ocrx_word' id='word_1_346' title='bbox 329 3970 347 4048; x_wconf 78' lang='lat'>§</span> <span class='ocrx_word' id='word_1_347' title='bbox 364 3971 395 4032; x_wconf 79' lang='lat'><strong>2.</strong></span> <span class='ocrx_word' id='word_1_348' title='bbox 409 3971 500 4032; x_wconf 82' lang='lat' dir='ltr'><strong>Ratio</strong></span> <span class='ocrx_word' id='word_1_349' title='bbox 522 3979 590 4034; x_wconf 90' lang='lat' dir='ltr'><strong>est:</strong></span> <span class='ocrx_word' id='word_1_350' title='bbox 611 3974 685 4053; x_wconf 88' lang='lat' dir='ltr'><strong>quia</strong></span> <span class='ocrx_word' id='word_1_351' title='bbox 698 3975 818 4056; x_wconf 92' lang='lat' dir='ltr'><strong>impru-</strong></span> 
     </span>
    </p>
   </div>
   <div class='ocr_carea' id='block_1_15' title="bbox 868 3882 1640 4055">
    <p class='ocr_par' dir='ltr' id='par_1_17' title="bbox 868 3882 1640 4055">
     <span class='ocr_line' id='line_1_53' title="bbox 868 3882 1639 3961; baseline 0.001 -19"><span class='ocrx_word' id='word_1_352' title='bbox 868 3883 994 3943; x_wconf 80' lang='lat' dir='ltr'><strong>n.126.</strong></span> <span class='ocrx_word' id='word_1_353' title='bbox 1020 3888 1050 3942; x_wconf 88' lang='grc'><strong>31</strong></span> <span class='ocrx_word' id='word_1_354' title='bbox 1078 3883 1146 3943; x_wconf 73' lang='grc'><em>131.</em></span> <span class='ocrx_word' id='word_1_355' title='bbox 1175 3882 1298 3957; x_wconf 88' lang='lat' dir='ltr'><strong>docent,</strong></span> <span class='ocrx_word' id='word_1_356' title='bbox 1321 3883 1406 3961; x_wconf 90' lang='lat' dir='ltr'><strong>quod</strong></span> <span class='ocrx_word' id='word_1_357' title='bbox 1432 3883 1499 3942; x_wconf 89' lang='lat' dir='ltr'><strong>sinc</strong></span> <span class='ocrx_word' id='word_1_358' title='bbox 1524 3883 1639 3943; x_wconf 85' lang='lat' dir='ltr'><strong>auxilio</strong></span> 
     </span>
     <span class='ocr_line' id='line_1_54' title="bbox 869 3974 1640 4055; baseline 0.004 -22"><span class='ocrx_word' id='word_1_359' title='bbox 869 3974 976 4053; x_wconf 79' lang='lat' dir='ltr'><strong>gratie</strong></span> <span class='ocrx_word' id='word_1_360' title='bbox 997 3975 1132 4035; x_wconf 85' lang='lat' dir='ltr'><strong>victricis</strong></span> <span class='ocrx_word' id='word_1_361' title='bbox 1155 3991 1220 4035; x_wconf 91' lang='lat' dir='ltr'><strong>non</strong></span> <span class='ocrx_word' id='word_1_362' title='bbox 1243 3974 1340 4054; x_wconf 90' lang='lat' dir='ltr'><strong>possit</strong></span> <span class='ocrx_word' id='word_1_363' title='bbox 1361 3974 1485 4054; x_wconf 89' lang='lat' dir='ltr'><strong>impleri</strong></span> <span class='ocrx_word' id='word_1_364' title='bbox 1506 3993 1640 4055; x_wconf 81' lang='lat' dir='ltr'><strong>praecep-</strong></span> 
     </span>
    </p>
   </div>
   <div class='ocr_carea' id='block_1_16' title="bbox 51 4059 1640 4240">
    <p class='ocr_par' dir='ltr' id='par_1_18' title="bbox 51 4059 1640 4240">
     <span class='ocr_line' id='line_1_55' title="bbox 51 4059 1640 4145; baseline 0.006 -26"><span class='ocrx_word' id='word_1_365' title='bbox 51 4059 134 4138; x_wconf 89' lang='lat' dir='ltr'><strong>dcns,</strong></span> <span class='ocrx_word' id='word_1_366' title='bbox 151 4062 396 4142; x_wconf 83' lang='lat' dir='ltr'><strong>attyranuicum</strong></span> <span class='ocrx_word' id='word_1_367' title='bbox 409 4063 488 4124; x_wconf 81' lang='lat' dir='ltr'><strong>foret</strong></span> <span class='ocrx_word' id='word_1_368' title='bbox 501 4064 655 4145; x_wconf 84' lang='lat' dir='ltr'><strong>obligare,</strong></span> <span class='ocrx_word' id='word_1_369' title='bbox 675 4073 730 4128; x_wconf 88' lang='lat' dir='ltr'><strong>aut</strong></span> <span class='ocrx_word' id='word_1_370' title='bbox 742 4067 820 4130; x_wconf 79' lang='lat' dir='ltr'><strong>velle</strong></span> <span class='ocrx_word' id='word_1_371' title='bbox 869 4071 949 4126; x_wconf 89' lang='lat' dir='ltr'><strong>tum.</strong></span> <span class='ocrx_word' id='word_1_372' title='bbox 972 4067 1012 4126; x_wconf 88' lang='lat' dir='ltr'><strong>Et</strong></span> <span class='ocrx_word' id='word_1_373' title='bbox 1029 4085 1058 4126; x_wconf 88' lang='lat' dir='ltr'><strong>u.</strong></span> <span class='ocrx_word' id='word_1_374' title='bbox 1085 4067 1154 4126; x_wconf 84' lang='grc'><em>111.</em></span> <span class='ocrx_word' id='word_1_375' title='bbox 1179 4063 1254 4126; x_wconf 88' lang='lat' dir='ltr'><strong>Cum</strong></span> <span class='ocrx_word' id='word_1_376' title='bbox 1273 4084 1330 4125; x_wconf 85' lang='grc'><strong>333</strong></span> <span class='ocrx_word' id='word_1_377' title='bbox 1350 4066 1381 4126; x_wconf 85' lang='lat' dir='ltr'><strong>iu</strong></span> <span class='ocrx_word' id='word_1_378' title='bbox 1404 4065 1533 4125; x_wconf 83' lang='lat' dir='ltr'><strong>erunibus</strong></span> <span class='ocrx_word' id='word_1_379' title='bbox 1547 4067 1640 4128; x_wconf 78' lang='lat' dir='ltr'><strong>bustis</strong></span> 
     </span>
     <span class='ocr_line' id='line_1_56' title="bbox 51 4154 1639 4240; baseline 0.004 -27"><span class='ocrx_word' id='word_1_380' title='bbox 51 4154 158 4232; x_wconf 89' lang='lat' dir='ltr'><strong>punire</strong></span> <span class='ocrx_word' id='word_1_381' title='bbox 184 4159 311 4235; x_wconf 89' lang='lat' dir='ltr'><strong>propter</strong></span> <span class='ocrx_word' id='word_1_382' title='bbox 333 4155 411 4216; x_wconf 92' lang='lat' dir='ltr'><strong>illud</strong></span> <span class='ocrx_word' id='word_1_383' title='bbox 437 4155 553 4220; x_wconf 83' lang='lat' dir='ltr'><strong>lactum</strong></span> <span class='ocrx_word' id='word_1_384' title='bbox 576 4159 625 4220; x_wconf 84' lang='lat' dir='ltr'><strong>vel</strong></span> <span class='ocrx_word' id='word_1_385' title='bbox 650 4160 818 4240; x_wconf 86' lang='lat' dir='ltr'><strong>omissum,</strong></span> <span class='ocrx_word' id='word_1_386' title='bbox 869 4161 1008 4218; x_wconf 82' lang='lat' dir='ltr'><strong>uincetur</strong></span> <span class='ocrx_word' id='word_1_387' title='bbox 1028 4157 1338 4238; x_wconf 61' lang='lat' dir='ltr'><strong>concupiscentium</strong></span> <span class='ocrx_word' id='word_1_388' title='bbox 1358 4155 1639 4238; x_wconf 82' lang='lat' dir='ltr'><strong>tollaturipuoruu-</strong></span> 
     </span>
    </p>
   </div>
   <div class='ocr_carea' id='block_1_17' title="bbox 50 4246 819 4608">
    <p class='ocr_par' dir='ltr' id='par_1_19' title="bbox 50 4246 819 4608">
     <span class='ocr_line' id='line_1_57' title="bbox 50 4246 817 4332; baseline 0.012 -26"><span class='ocrx_word' id='word_1_389' title='bbox 50 4246 131 4323; x_wconf 89' lang='lat' dir='ltr'><strong>quod</strong></span> <span class='ocrx_word' id='word_1_390' title='bbox 145 4247 216 4327; x_wconf 89' lang='lat' dir='ltr'><strong>quis</strong></span> <span class='ocrx_word' id='word_1_391' title='bbox 237 4248 399 4325; x_wconf 87' lang='lat' dir='ltr'><strong>omittere,</strong></span> <span class='ocrx_word' id='word_1_392' title='bbox 422 4249 473 4310; x_wconf 88' lang='lat' dir='ltr'><strong>vel</strong></span> <span class='ocrx_word' id='word_1_393' title='bbox 494 4249 594 4312; x_wconf 83' lang='lat' dir='ltr'><strong>tacere</strong></span> <span class='ocrx_word' id='word_1_394' title='bbox 614 4270 679 4312; x_wconf 91' lang='lat' dir='ltr'><strong>non</strong></span> <span class='ocrx_word' id='word_1_395' title='bbox 707 4259 817 4332; x_wconf 88' lang='lat' dir='ltr'><strong>potest.</strong></span> 
     </span>
     <span class='ocr_line' id='line_1_58' title="bbox 52 4337 819 4422; baseline 0.005 -20"><span class='ocrx_word' id='word_1_396' title='bbox 52 4337 125 4402; x_wconf 82' lang='lat' dir='ltr'><strong>Quae</strong></span> <span class='ocrx_word' id='word_1_397' title='bbox 141 4346 345 4419; x_wconf 92' lang='lat' dir='ltr'><strong>opponuntur</strong></span> <span class='ocrx_word' id='word_1_398' title='bbox 354 4339 392 4402; x_wconf 89' lang='lat' dir='ltr'><strong>de</strong></span> <span class='ocrx_word' id='word_1_399' title='bbox 405 4348 559 4422; x_wconf 86' lang='lat' dir='ltr'><strong>praecepto</strong></span> <span class='ocrx_word' id='word_1_400' title='bbox 568 4343 740 4406; x_wconf 80' lang='lat' dir='ltr'><strong>dilectionis</strong></span> <span class='ocrx_word' id='word_1_401' title='bbox 751 4345 819 4422; x_wconf 90' lang='lat' dir='ltr'><strong>Dei,</strong></span> 
     </span>
     <span class='ocr_line' id='line_1_59' title="bbox 51 4429 818 4515; baseline 0.016 -26"><span class='ocrx_word' id='word_1_402' title='bbox 51 4435 80 4490; x_wconf 86' lang='lat' dir='ltr'><strong>et</strong></span> <span class='ocrx_word' id='word_1_403' title='bbox 95 4429 318 4510; x_wconf 87' lang='lat' dir='ltr'><strong>inimieorum,</strong></span> <span class='ocrx_word' id='word_1_404' title='bbox 343 4434 382 4494; x_wconf 90' lang='lat' dir='ltr'><strong>de</strong></span> <span class='ocrx_word' id='word_1_405' title='bbox 407 4443 561 4515; x_wconf 82' lang='lat' dir='ltr'><strong>praccepta</strong></span> <span class='ocrx_word' id='word_1_406' title='bbox 577 4436 739 4498; x_wconf 86' lang='lat' dir='ltr'><strong>Charitatis</strong></span> <span class='ocrx_word' id='word_1_407' title='bbox 761 4444 818 4500; x_wconf 90' lang='lat' dir='ltr'><strong>etc.</strong></span> 
     </span>
     <span class='ocr_line' id='line_1_60' title="bbox 50 4519 819 4608; baseline 0.014 -27"><span class='ocrx_word' id='word_1_408' title='bbox 50 4519 167 4584; x_wconf 89' lang='lat' dir='ltr'><strong>dudum</strong></span> <span class='ocrx_word' id='word_1_409' title='bbox 197 4523 355 4586; x_wconf 88' lang='lat' dir='ltr'><strong>solverunt</strong></span> <span class='ocrx_word' id='word_1_410' title='bbox 377 4525 434 4595; x_wconf 83' lang='lat' dir='ltr'><strong>SS,</strong></span> <span class='ocrx_word' id='word_1_411' title='bbox 467 4527 527 4588; x_wconf 91' lang='lat' dir='ltr'><strong>PP.</strong></span> <span class='ocrx_word' id='word_1_412' title='bbox 561 4529 645 4608; x_wconf 88' lang='lat' dir='ltr'><strong>apud</strong></span> <span class='ocrx_word' id='word_1_413' title='bbox 663 4529 735 4591; x_wconf 91' lang='lat' dir='ltr'><strong>Eliz.</strong></span> <span class='ocrx_word' id='word_1_414' title='bbox 764 4549 819 4592; x_wconf 91' lang='lat' dir='ltr'><strong>su-</strong></span> 
     </span>
    </p>
   </div>
   <div class='ocr_carea' id='block_1_18' title="bbox 869 4247 1642 4604">
    <p class='ocr_par' dir='ltr' id='par_1_20' title="bbox 869 4247 1642 4604">
     <span class='ocr_line' id='line_1_61' title="bbox 869 4247 1642 4329; baseline 0.006 -22"><span class='ocrx_word' id='word_1_415' title='bbox 869 4249 928 4327; x_wconf 79' lang='grc'><em>113,</em></span> <span class='ocrx_word' id='word_1_416' title='bbox 959 4247 1189 4329; x_wconf 80' lang='lat' dir='ltr'><strong>concludendum</strong></span> <span class='ocrx_word' id='word_1_417' title='bbox 1213 4267 1277 4324; x_wconf 84' lang='lat' dir='ltr'><strong>esse,</strong></span> <span class='ocrx_word' id='word_1_418' title='bbox 1307 4267 1364 4310; x_wconf 87' lang='grc'><strong>333</strong></span> <span class='ocrx_word' id='word_1_419' title='bbox 1390 4249 1525 4310; x_wconf 83' lang='lat' dir='ltr'><strong>omuibus</strong></span> <span class='ocrx_word' id='word_1_420' title='bbox 1550 4251 1642 4312; x_wconf 78' lang='lat' dir='ltr'><strong>deustis</strong></span> 
     </span>
     <span class='ocr_line' id='line_1_62' title="bbox 870 4339 1638 4422; baseline 0.004 -19"><span class='ocrx_word' id='word_1_421' title='bbox 870 4341 1021 4404; x_wconf 76' lang='lat' dir='ltr'><strong>auritium</strong></span> <span class='ocrx_word' id='word_1_422' title='bbox 1053 4340 1204 4422; x_wconf 73' lang='lat' dir='ltr'><strong>sufficiens</strong></span> <span class='ocrx_word' id='word_1_423' title='bbox 1228 4339 1308 4403; x_wconf 86' lang='lat' dir='ltr'><strong>duri.</strong></span> <span class='ocrx_word' id='word_1_424' title='bbox 1341 4341 1375 4402; x_wconf 89' lang='lat' dir='ltr'><strong>Si</strong></span> <span class='ocrx_word' id='word_1_425' title='bbox 1394 4360 1535 4422; x_wconf 86' lang='lat' dir='ltr'><strong>opponas</strong></span> <span class='ocrx_word' id='word_1_426' title='bbox 1553 4344 1638 4406; x_wconf 89' lang='lat' dir='ltr'><strong>illis:</strong></span> 
     </span>
     <span class='ocr_line' id='line_1_63' title="bbox 870 4433 1640 4516; baseline 0.006 -22"><span class='ocrx_word' id='word_1_427' title='bbox 870 4433 990 4512; x_wconf 86' lang='lat' dir='ltr'><strong>quotics</strong></span> <span class='ocrx_word' id='word_1_428' title='bbox 1002 4433 1097 4494; x_wconf 89' lang='lat' dir='ltr'><strong>homo</strong></span> <span class='ocrx_word' id='word_1_429' title='bbox 1114 4438 1217 4512; x_wconf 85' lang='lat' dir='ltr'><strong>peccat</strong></span> <span class='ocrx_word' id='word_1_430' title='bbox 1236 4439 1344 4496; x_wconf 85' lang='grc'><em>333133</em></span> <span class='ocrx_word' id='word_1_431' title='bbox 1357 4439 1559 4516; x_wconf 73' lang='lat' dir='ltr'><strong>precaeptum,</strong></span> <span class='ocrx_word' id='word_1_432' title='bbox 1575 4455 1640 4498; x_wconf 93' lang='lat' dir='ltr'><strong>non</strong></span> 
     </span>
     <span class='ocr_line' id='line_1_64' title="bbox 870 4524 1640 4604; baseline 0.004 -17"><span class='ocrx_word' id='word_1_433' title='bbox 870 4525 964 4588; x_wconf 89' lang='lat' dir='ltr'><strong>habet</strong></span> <span class='ocrx_word' id='word_1_434' title='bbox 986 4525 1118 4604; x_wconf 86' lang='lat' dir='ltr'><strong>gratiam</strong></span> <span class='ocrx_word' id='word_1_435' title='bbox 1144 4524 1302 4586; x_wconf 87' lang='lat' dir='ltr'><strong>victricem</strong></span> <span class='ocrx_word' id='word_1_436' title='bbox 1324 4526 1363 4586; x_wconf 90' lang='lat' dir='ltr'><strong>ad</strong></span> <span class='ocrx_word' id='word_1_437' title='bbox 1393 4525 1640 4590; x_wconf 83' lang='lat' dir='ltr'><strong>observationem</strong></span> 
     </span>
    </p>
   </div>
   <div class='ocr_carea' id='block_1_19' title="bbox 49 4615 1758 4792">
    <p class='ocr_par' dir='ltr' id='par_1_21' title="bbox 49 4615 1758 4792">
     <span class='ocr_line' id='line_1_65' title="bbox 49 4615 1758 4702; baseline 0.003 -27"><span class='ocrx_word' id='word_1_438' title='bbox 49 4632 126 4693; x_wconf 89' lang='lat' dir='ltr'><strong>pra,</strong></span> <span class='ocrx_word' id='word_1_439' title='bbox 157 4622 189 4677; x_wconf 87' lang='lat' dir='ltr'><strong>et</strong></span> <span class='ocrx_word' id='word_1_440' title='bbox 215 4615 291 4677; x_wconf 88' lang='lat' dir='ltr'><strong>falsa</strong></span> <span class='ocrx_word' id='word_1_441' title='bbox 314 4636 379 4678; x_wconf 92' lang='lat' dir='ltr'><strong>esse</strong></span> <span class='ocrx_word' id='word_1_442' title='bbox 408 4618 520 4698; x_wconf 90' lang='lat' dir='ltr'><strong>probat</strong></span> <span class='ocrx_word' id='word_1_443' title='bbox 550 4621 751 4700; x_wconf 84' lang='lat' dir='ltr'><strong>experientia.</strong></span> <span class='ocrx_word' id='word_1_444' title='bbox 782 4625 822 4683; x_wconf 86' lang='lat' dir='ltr'><strong>Et</strong></span> <span class='ocrx_word' id='word_1_445' title='bbox 869 4618 1118 4699; x_wconf 82' lang='lat' dir='ltr'><strong>praecpti;crg0</strong></span> <span class='ocrx_word' id='word_1_446' title='bbox 1129 4622 1197 4678; x_wconf 90' lang='lat' dir='ltr'><strong>tum</strong></span> <span class='ocrx_word' id='word_1_447' title='bbox 1210 4623 1256 4678; x_wconf 87' lang='lat' dir='ltr'><strong>est</strong></span> <span class='ocrx_word' id='word_1_448' title='bbox 1265 4618 1419 4698; x_wconf 87' lang='lat' dir='ltr'><strong>impotens</strong></span> <span class='ocrx_word' id='word_1_449' title='bbox 1428 4637 1550 4682; x_wconf 88' lang='lat' dir='ltr'><strong>servare</strong></span> <span class='ocrx_word' id='word_1_450' title='bbox 1558 4640 1639 4702; x_wconf 88' lang='lat' dir='ltr'><strong>prea-</strong></span> <span class='ocrx_word' id='word_1_451' title='bbox 1754 4675 1758 4680; x_wconf 93' lang='grc'><em>,</em></span> 
     </span>
     <span class='ocr_line' id='line_1_66' title="bbox 49 4707 1640 4792; baseline 0.006 -26"><span class='ocrx_word' id='word_1_452' title='bbox 49 4707 132 4784; x_wconf 87' lang='lat' dir='ltr'><strong>quod</strong></span> <span class='ocrx_word' id='word_1_453' title='bbox 146 4726 213 4768; x_wconf 92' lang='lat' dir='ltr'><strong>non</strong></span> <span class='ocrx_word' id='word_1_454' title='bbox 228 4707 268 4768; x_wconf 91' lang='lat' dir='ltr'><strong>sit</strong></span> <span class='ocrx_word' id='word_1_455' title='bbox 281 4707 426 4788; x_wconf 81' lang='lat' dir='ltr'><strong>obligatio</strong></span> <span class='ocrx_word' id='word_1_456' title='bbox 441 4729 480 4771; x_wconf 84' lang='grc'><strong>33</strong></span> <span class='ocrx_word' id='word_1_457' title='bbox 499 4711 657 4773; x_wconf 87' lang='lat' dir='ltr'><strong>Charitate</strong></span> <span class='ocrx_word' id='word_1_458' title='bbox 670 4713 821 4792; x_wconf 88' lang='lat' dir='ltr'><strong>implendi</strong></span> <span class='ocrx_word' id='word_1_459' title='bbox 871 4717 995 4791; x_wconf 91' lang='lat' dir='ltr'><strong>ceptum</strong></span> <span class='ocrx_word' id='word_1_460' title='bbox 1009 4731 1017 4773; x_wconf 74' lang='grc' dir='ltr'>ι</span> <span class='ocrx_word' id='word_1_461' title='bbox 1033 4729 1106 4790; x_wconf 90' lang='lat' dir='ltr'><strong>ergo</strong></span> <span class='ocrx_word' id='word_1_462' title='bbox 1124 4715 1229 4790; x_wconf 88' lang='lat' dir='ltr'><strong>peccat</strong></span> <span class='ocrx_word' id='word_1_463' title='bbox 1248 4710 1282 4770; x_wconf 94' lang='lat' dir='ltr'><strong>in</strong></span> <span class='ocrx_word' id='word_1_464' title='bbox 1301 4729 1349 4786; x_wconf 84' lang='lat' dir='ltr'><strong>eo,</strong></span> <span class='ocrx_word' id='word_1_465' title='bbox 1367 4711 1450 4790; x_wconf 89' lang='lat' dir='ltr'><strong>quod</strong></span> <span class='ocrx_word' id='word_1_466' title='bbox 1464 4712 1563 4774; x_wconf 88' lang='grc'><em>311333</em></span> <span class='ocrx_word' id='word_1_467' title='bbox 1575 4733 1640 4776; x_wconf 87' lang='lat' dir='ltr'><strong>non</strong></span> 
     </span>
    </p>
   </div>
   <div class='ocr_carea' id='block_1_20' title="bbox 48 4802 764 4882">
    <p class='ocr_par' dir='ltr' id='par_1_22' title="bbox 48 4802 764 4882">
     <span class='ocr_line' id='line_1_67' title="bbox 48 4802 764 4882; baseline 0.011 -22"><span class='ocrx_word' id='word_1_468' title='bbox 48 4805 214 4882; x_wconf 77' lang='lat' dir='ltr'><strong>praecepta,</strong></span> <span class='ocrx_word' id='word_1_469' title='bbox 231 4806 399 4862; x_wconf 78' lang='lat' dir='ltr'><strong>constater</strong></span> <span class='ocrx_word' id='word_1_470' title='bbox 410 4802 498 4863; x_wconf 89' lang='lat' dir='ltr'><strong>dictis</strong></span> <span class='ocrx_word' id='word_1_471' title='bbox 513 4803 532 4864; x_wconf 92' lang='grc'><strong>1.</strong></span> <span class='ocrx_word' id='word_1_472' title='bbox 550 4809 674 4865; x_wconf 71' lang='lat' dir='ltr'><strong>tuum.</strong></span> <span class='ocrx_word' id='word_1_473' title='bbox 694 4807 764 4870; x_wconf 86' lang='grc'><em>6111.</em></span> 
     </span>
    </p>
   </div>
   <div class='ocr_carea' id='block_1_21' title="bbox 871 4801 1640 4884">
    <p class='ocr_par' dir='ltr' id='par_1_23' title="bbox 871 4801 1640 4884">
     <span class='ocr_line' id='line_1_68' title="bbox 871 4801 1640 4884; baseline 0.004 -20"><span class='ocrx_word' id='word_1_474' title='bbox 871 4808 979 4884; x_wconf 89' lang='lat' dir='ltr'><strong>potest.</strong></span> <span class='ocrx_word' id='word_1_475' title='bbox 995 4802 1083 4879; x_wconf 89' lang='lat' dir='ltr'><strong>ltem;</strong></span> <span class='ocrx_word' id='word_1_476' title='bbox 1100 4819 1173 4880; x_wconf 88' lang='lat' dir='ltr'><strong>ergo</strong></span> <span class='ocrx_word' id='word_1_477' title='bbox 1185 4803 1268 4863; x_wconf 91' lang='lat' dir='ltr'><strong>Deus</strong></span> <span class='ocrx_word' id='word_1_478' title='bbox 1274 4801 1388 4879; x_wconf 87' lang='lat' dir='ltr'><strong>jubens</strong></span> <span class='ocrx_word' id='word_1_479' title='bbox 1397 4803 1640 4882; x_wconf 87' lang='lat' dir='ltr'><strong>noudatgratias</strong></span> 
     </span>
    </p>
   </div>
   <div class='ocr_carea' id='block_1_22' title="bbox 11 4891 1637 4976">
    <p class='ocr_par' dir='ltr' id='par_1_24' title="bbox 11 4891 1637 4976">
     <span class='ocr_line' id='line_1_69' title="bbox 11 4891 1637 4976; baseline 0.004 -23"><span class='ocrx_word' id='word_1_480' title='bbox 11 4901 27 4961; x_wconf 70' lang='grc' dir='ltr'><strong>Ξ</strong></span> <span class='ocrx_word' id='word_1_481' title='bbox 88 4891 150 4970; x_wconf 67' lang='lat'><strong>§2</strong></span> <span class='ocrx_word' id='word_1_482' title='bbox 170 4893 256 4954; x_wconf 89' lang='lat' dir='ltr'><strong>Idem</strong></span> <span class='ocrx_word' id='word_1_483' title='bbox 276 4893 442 4955; x_wconf 80' lang='lat' dir='ltr'><strong>iansenius</strong></span> <span class='ocrx_word' id='word_1_484' title='bbox 455 4895 559 4956; x_wconf 89' lang='lat' dir='ltr'><strong>docuit</strong></span> <span class='ocrx_word' id='word_1_485' title='bbox 577 4896 696 4958; x_wconf 88' lang='lat' dir='ltr'><strong>nullam</strong></span> <span class='ocrx_word' id='word_1_486' title='bbox 719 4899 821 4958; x_wconf 85' lang='lat' dir='ltr'><strong>aDeo</strong></span> <span class='ocrx_word' id='word_1_487' title='bbox 871 4893 1058 4956; x_wconf 86' lang='lat' dir='ltr'><strong>sufficientes</strong></span> <span class='ocrx_word' id='word_1_488' title='bbox 1070 4895 1110 4956; x_wconf 92' lang='lat' dir='ltr'><strong>ad</strong></span> <span class='ocrx_word' id='word_1_489' title='bbox 1127 4894 1321 4975; x_wconf 90' lang='lat' dir='ltr'><strong>implendum</strong></span> <span class='ocrx_word' id='word_1_490' title='bbox 1338 4895 1427 4970; x_wconf 83' lang='lat' dir='ltr'><strong>illud,</strong></span> <span class='ocrx_word' id='word_1_491' title='bbox 1442 4898 1526 4974; x_wconf 86' lang='lat' dir='ltr'><strong>quod</strong></span> <span class='ocrx_word' id='word_1_492' title='bbox 1536 4897 1637 4976; x_wconf 86' lang='lat' dir='ltr'><strong>jubet.</strong></span> 
     </span>
    </p>
   </div>
   <div class='ocr_carea' id='block_1_23' title="bbox 48 4983 821 5066">
    <p class='ocr_par' dir='ltr' id='par_1_25' title="bbox 48 4983 821 5066">
     <span class='ocr_line' id='line_1_70' title="bbox 48 4983 821 5066; baseline 0.01 -23"><span class='ocrx_word' id='word_1_493' title='bbox 48 4983 114 5044; x_wconf 87' lang='lat' dir='ltr'><strong>dari</strong></span> <span class='ocrx_word' id='word_1_494' title='bbox 139 4986 271 5062; x_wconf 76' lang='lat' dir='ltr'><strong>gratiam</strong></span> <span class='ocrx_word' id='word_1_495' title='bbox 294 4987 419 5066; x_wconf 91' lang='lat' dir='ltr'><strong>proprie</strong></span> <span class='ocrx_word' id='word_1_496' title='bbox 432 4987 634 5049; x_wconf 81' lang='lat' dir='ltr'><strong>sufficientem</strong></span> <span class='ocrx_word' id='word_1_497' title='bbox 655 4989 694 5050; x_wconf 91' lang='lat' dir='ltr'><strong>ad</strong></span> <span class='ocrx_word' id='word_1_498' title='bbox 716 4989 821 5051; x_wconf 90' lang='lat' dir='ltr'><strong>obser-</strong></span> 
     </span>
    </p>
   </div>
   <div class='ocr_carea' id='block_1_24' title="bbox 911 4985 1683 5078">
    <p class='ocr_par' dir='ltr' id='par_1_26' title="bbox 911 4985 1683 5078">
     <span class='ocr_line' id='line_1_71' title="bbox 911 4985 1683 5078; baseline 0.001 -29"><span class='ocrx_word' id='word_1_499' title='bbox 911 4987 999 5070; x_wconf 83' lang='lat' dir='ltr'><strong>Resp.</strong></span> <span class='ocrx_word' id='word_1_500' title='bbox 1022 4985 1107 5048; x_wconf 84' lang='lat' dir='ltr'><strong>Talia</strong></span> <span class='ocrx_word' id='word_1_501' title='bbox 1128 4992 1283 5067; x_wconf 69' lang='lat' dir='ltr'><strong>praecepta</strong></span> <span class='ocrx_word' id='word_1_502' title='bbox 1303 5006 1369 5048; x_wconf 93' lang='lat' dir='ltr'><strong>nou</strong></span> <span class='ocrx_word' id='word_1_503' title='bbox 1397 5005 1485 5066; x_wconf 89' lang='lat' dir='ltr'><strong>posse</strong></span> <span class='ocrx_word' id='word_1_504' title='bbox 1513 4990 1639 5068; x_wconf 90' lang='lat' dir='ltr'><strong>quidem</strong></span> <span class='ocrx_word' id='word_1_505' title='bbox 1664 5019 1683 5078; x_wconf 74' lang='lat'>5</span> 
     </span>
    </p>
   </div>
   <div class='ocr_carea' id='block_1_25' title="bbox 48 5075 1639 5253">
    <p class='ocr_par' dir='ltr' id='par_1_27' title="bbox 48 5075 1639 5253">
     <span class='ocr_line' id='line_1_72' title="bbox 48 5075 1638 5160; baseline 0.004 -25"><span class='ocrx_word' id='word_1_506' title='bbox 48 5075 152 5138; x_wconf 78' lang='lat' dir='ltr'><strong>sanda</strong></span> <span class='ocrx_word' id='word_1_507' title='bbox 179 5083 354 5158; x_wconf 71' lang='lat' dir='ltr'><strong>precepta,</strong></span> <span class='ocrx_word' id='word_1_508' title='bbox 381 5080 434 5140; x_wconf 88' lang='lat' dir='ltr'><strong>sed</strong></span> <span class='ocrx_word' id='word_1_509' title='bbox 457 5097 583 5142; x_wconf 88' lang='lat' dir='ltr'><strong>omnem</strong></span> <span class='ocrx_word' id='word_1_510' title='bbox 603 5082 734 5160; x_wconf 81' lang='lat' dir='ltr'><strong>gratiam</strong></span> <span class='ocrx_word' id='word_1_511' title='bbox 757 5101 821 5146; x_wconf 89' lang='lat' dir='ltr'><strong>esse</strong></span> <span class='ocrx_word' id='word_1_512' title='bbox 872 5080 1030 5142; x_wconf 85' lang='lat' dir='ltr'><strong>observari</strong></span> <span class='ocrx_word' id='word_1_513' title='bbox 1044 5099 1083 5141; x_wconf 81' lang='lat' dir='ltr'><strong>cx</strong></span> <span class='ocrx_word' id='word_1_514' title='bbox 1094 5079 1193 5158; x_wconf 87' lang='lat' dir='ltr'><strong>gratia</strong></span> <span class='ocrx_word' id='word_1_515' title='bbox 1211 5079 1297 5141; x_wconf 87' lang='lat' dir='ltr'><strong>data:</strong></span> <span class='ocrx_word' id='word_1_516' title='bbox 1312 5097 1399 5159; x_wconf 88' lang='lat' dir='ltr'><strong>posse</strong></span> <span class='ocrx_word' id='word_1_517' title='bbox 1414 5085 1520 5140; x_wconf 89' lang='lat' dir='ltr'><strong>tamen</strong></span> <span class='ocrx_word' id='word_1_518' title='bbox 1533 5081 1638 5142; x_wconf 89' lang='lat' dir='ltr'><strong>obser-</strong></span> 
     </span>
     <span class='ocr_line' id='line_1_73' title="bbox 48 5168 1639 5253; baseline 0.003 -24"><span class='ocrx_word' id='word_1_519' title='bbox 48 5168 207 5231; x_wconf 87' lang='lat' dir='ltr'><strong>efficacem</strong></span> <span class='ocrx_word' id='word_1_520' title='bbox 218 5188 226 5244; x_wconf 93' lang='lat'>;</span> <span class='ocrx_word' id='word_1_521' title='bbox 238 5171 285 5230; x_wconf 92' lang='lat' dir='ltr'><strong>oui</strong></span> <span class='ocrx_word' id='word_1_522' title='bbox 301 5170 401 5231; x_wconf 87' lang='lat' dir='ltr'><strong>resisti</strong></span> <span class='ocrx_word' id='word_1_523' title='bbox 414 5190 479 5232; x_wconf 89' lang='lat' dir='ltr'><strong>non</strong></span> <span class='ocrx_word' id='word_1_524' title='bbox 493 5173 596 5251; x_wconf 88' lang='lat' dir='ltr'><strong>possit.</strong></span> <span class='ocrx_word' id='word_1_525' title='bbox 616 5175 660 5233; x_wconf 81' lang='lat' dir='ltr'><strong>Ex</strong></span> <span class='ocrx_word' id='word_1_526' title='bbox 674 5192 736 5252; x_wconf 90' lang='lat' dir='ltr'><strong>quo</strong></span> <span class='ocrx_word' id='word_1_527' title='bbox 745 5175 823 5237; x_wconf 87' lang='lat' dir='ltr'><strong>infe-</strong></span> <span class='ocrx_word' id='word_1_528' title='bbox 872 5173 939 5234; x_wconf 83' lang='lat' dir='ltr'><strong>vari</strong></span> <span class='ocrx_word' id='word_1_529' title='bbox 951 5192 990 5234; x_wconf 80' lang='lat' dir='ltr'><strong>ex</strong></span> <span class='ocrx_word' id='word_1_530' title='bbox 1003 5172 1102 5252; x_wconf 88' lang='lat' dir='ltr'><strong>gratia</strong></span> <span class='ocrx_word' id='word_1_531' title='bbox 1115 5171 1228 5247; x_wconf 88' lang='lat' dir='ltr'><strong>oblata,</strong></span> <span class='ocrx_word' id='word_1_532' title='bbox 1244 5175 1275 5232; x_wconf 90' lang='lat' dir='ltr'><strong>et</strong></span> <span class='ocrx_word' id='word_1_533' title='bbox 1288 5171 1405 5248; x_wconf 87' lang='lat' dir='ltr'><strong>danda,</strong></span> <span class='ocrx_word' id='word_1_534' title='bbox 1421 5171 1446 5231; x_wconf 88' lang='lat' dir='ltr'><strong>si</strong></span> <span class='ocrx_word' id='word_1_535' title='bbox 1460 5190 1524 5232; x_wconf 91' lang='lat' dir='ltr'><strong>non</strong></span> <span class='ocrx_word' id='word_1_536' title='bbox 1538 5173 1639 5253; x_wconf 92' lang='lat' dir='ltr'><strong>impo-</strong></span> 
     </span>
    </p>
   </div>
   <div class='ocr_carea' id='block_1_26' title="bbox 48 5263 822 5437">
    <p class='ocr_par' dir='ltr' id='par_1_28' title="bbox 48 5263 822 5437">
     <span class='ocr_line' id='line_1_74' title="bbox 49 5263 822 5344; baseline 0.009 -23"><span class='ocrx_word' id='word_1_537' title='bbox 49 5263 155 5340; x_wconf 88' lang='lat' dir='ltr'><strong>rebat‚</strong></span> <span class='ocrx_word' id='word_1_538' title='bbox 173 5283 256 5340; x_wconf 86' lang='lat' dir='ltr'><strong>eum,</strong></span> <span class='ocrx_word' id='word_1_539' title='bbox 270 5265 324 5344; x_wconf 89' lang='lat' dir='ltr'><strong>qui</strong></span> <span class='ocrx_word' id='word_1_540' title='bbox 337 5268 526 5344; x_wconf 72' lang='lat' dir='ltr'><strong>praeceptum</strong></span> <span class='ocrx_word' id='word_1_541' title='bbox 539 5282 604 5325; x_wconf 91' lang='lat' dir='ltr'><strong>non</strong></span> <span class='ocrx_word' id='word_1_542' title='bbox 617 5264 822 5338; x_wconf 87' lang='lat' dir='ltr'><strong>observasset,</strong></span> 
     </span>
     <span class='ocr_line' id='line_1_75' title="bbox 48 5355 821 5437; baseline 0.004 -21"><span class='ocrx_word' id='word_1_543' title='bbox 48 5375 115 5416; x_wconf 92' lang='lat' dir='ltr'><strong>non</strong></span> <span class='ocrx_word' id='word_1_544' title='bbox 135 5357 280 5418; x_wconf 88' lang='lat' dir='ltr'><strong>habuisse</strong></span> <span class='ocrx_word' id='word_1_545' title='bbox 293 5357 426 5437; x_wconf 88' lang='lat' dir='ltr'><strong>gratiam</strong></span> <span class='ocrx_word' id='word_1_546' title='bbox 439 5357 479 5418; x_wconf 89' lang='lat' dir='ltr'><strong>ad</strong></span> <span class='ocrx_word' id='word_1_547' title='bbox 491 5355 569 5416; x_wconf 90' lang='lat' dir='ltr'><strong>illud</strong></span> <span class='ocrx_word' id='word_1_548' title='bbox 582 5356 821 5420; x_wconf 87' lang='lat' dir='ltr'><strong>observandum.</strong></span> 
     </span>
    </p>
   </div>
   <div class='ocr_carea' id='block_1_27' title="bbox 874 5263 1640 5434">
    <p class='ocr_par' dir='ltr' id='par_1_29' title="bbox 874 5263 1640 5434">
     <span class='ocr_line' id='line_1_76' title="bbox 875 5263 1640 5345; baseline -0.003 -17"><span class='ocrx_word' id='word_1_549' title='bbox 875 5267 971 5328; x_wconf 89' lang='lat' dir='ltr'><strong>suerit</strong></span> <span class='ocrx_word' id='word_1_550' title='bbox 983 5264 1253 5345; x_wconf 86' lang='lat' dir='ltr'><strong>impedimentum,</strong></span> <span class='ocrx_word' id='word_1_551' title='bbox 1261 5263 1293 5323; x_wconf 89' lang='lat' dir='ltr'><strong>id</strong></span> <span class='ocrx_word' id='word_1_552' title='bbox 1303 5268 1358 5327; x_wconf 90' lang='lat' dir='ltr'><strong>est.</strong></span> <span class='ocrx_word' id='word_1_553' title='bbox 1373 5263 1402 5322; x_wconf 87' lang='lat' dir='ltr'><strong>si</strong></span> <span class='ocrx_word' id='word_1_554' title='bbox 1408 5263 1562 5341; x_wconf 77' lang='grc'><em>3333333311,</em></span> <span class='ocrx_word' id='word_1_555' title='bbox 1575 5283 1640 5326; x_wconf 94' lang='lat' dir='ltr'><strong>non</strong></span> 
     </span>
     <span class='ocr_line' id='line_1_77' title="bbox 874 5355 1640 5434; baseline -0.001 -14"><span class='ocrx_word' id='word_1_556' title='bbox 874 5363 1044 5434; x_wconf 89' lang='lat' dir='ltr'><strong>creaturas,</strong></span> <span class='ocrx_word' id='word_1_557' title='bbox 1067 5355 1120 5416; x_wconf 90' lang='lat' dir='ltr'><strong>sed</strong></span> <span class='ocrx_word' id='word_1_558' title='bbox 1135 5357 1253 5431; x_wconf 88' lang='lat' dir='ltr'><strong>Deum,</strong></span> <span class='ocrx_word' id='word_1_559' title='bbox 1273 5359 1328 5414; x_wconf 87' lang='lat' dir='ltr'><strong>aut</strong></span> <span class='ocrx_word' id='word_1_560' title='bbox 1340 5355 1509 5416; x_wconf 79' lang='lat' dir='ltr'><strong>iustitiam.</strong></span> <span class='ocrx_word' id='word_1_561' title='bbox 1528 5355 1640 5420; x_wconf 83' lang='lat' dir='ltr'><strong>Contra</strong></span> 
     </span>
    </p>
   </div>
   <div class='ocr_carea' id='block_1_28' title="bbox 51 5446 1639 5528">
    <p class='ocr_par' dir='ltr' id='par_1_30' title="bbox 51 5446 1639 5528">
     <span class='ocr_line' id='line_1_78' title="bbox 51 5446 1639 5528; baseline 0 -18"><span class='ocrx_word' id='word_1_562' title='bbox 51 5447 113 5510; x_wconf 87' lang='lat' dir='ltr'><strong>Sed</strong></span> <span class='ocrx_word' id='word_1_563' title='bbox 139 5449 236 5510; x_wconf 90' lang='lat' dir='ltr'><strong>iidem</strong></span> <span class='ocrx_word' id='word_1_564' title='bbox 258 5449 421 5511; x_wconf 87' lang='lat' dir='ltr'><strong>Pontifices</strong></span> <span class='ocrx_word' id='word_1_565' title='bbox 444 5451 499 5510; x_wconf 90' lang='lat' dir='ltr'><strong>has</strong></span> <span class='ocrx_word' id='word_1_566' title='bbox 523 5449 661 5528; x_wconf 86' lang='lat' dir='ltr'><strong>ejusdem</strong></span> <span class='ocrx_word' id='word_1_567' title='bbox 684 5449 823 5510; x_wconf 84' lang='lat' dir='ltr'><strong>bansenii</strong></span> <span class='ocrx_word' id='word_1_568' title='bbox 873 5460 927 5512; x_wconf 84' lang='lat' dir='ltr'><strong>est:</strong></span> <span class='ocrx_word' id='word_1_569' title='bbox 955 5452 1037 5528; x_wconf 83' lang='lat' dir='ltr'><strong>Ergo</strong></span> <span class='ocrx_word' id='word_1_570' title='bbox 1051 5447 1209 5526; x_wconf 88' lang='lat' dir='ltr'><strong>dispositio</strong></span> <span class='ocrx_word' id='word_1_571' title='bbox 1223 5446 1262 5507; x_wconf 91' lang='lat' dir='ltr'><strong>ad</strong></span> <span class='ocrx_word' id='word_1_572' title='bbox 1275 5446 1495 5526; x_wconf 89' lang='lat' dir='ltr'><strong>acquirendam</strong></span> <span class='ocrx_word' id='word_1_573' title='bbox 1507 5449 1639 5526; x_wconf 87' lang='lat' dir='ltr'><strong>gratiam</strong></span> 
     </span>
    </p>
   </div>
   <div class='ocr_carea' id='block_1_29' title="bbox 50 5542 820 5622">
    <p class='ocr_par' dir='ltr' id='par_1_31' title="bbox 50 5542 820 5622">
     <span class='ocr_line' id='line_1_79' title="bbox 50 5542 820 5622; baseline -0.001 -20"><span class='ocrx_word' id='word_1_574' title='bbox 50 5543 280 5622; x_wconf 86' lang='lat' dir='ltr'><strong>propositiones</strong></span> <span class='ocrx_word' id='word_1_575' title='bbox 311 5542 395 5602; x_wconf 81' lang='lat' dir='ltr'><strong>velut</strong></span> <span class='ocrx_word' id='word_1_576' title='bbox 427 5543 589 5604; x_wconf 78' lang='lat' dir='ltr'><strong>hereticas</strong></span> <span class='ocrx_word' id='word_1_577' title='bbox 617 5542 820 5616; x_wconf 89' lang='lat' dir='ltr'><strong>damnarunt,</strong></span> 
     </span>
    </p>
   </div>
   <div class='ocr_carea' id='block_1_30' title="bbox 872 5538 1639 5623">
    <p class='ocr_par' dir='ltr' id='par_1_32' title="bbox 872 5538 1639 5623">
     <span class='ocr_line' id='line_1_80' title="bbox 872 5538 1639 5623; baseline 0.001 -21"><span class='ocrx_word' id='word_1_578' title='bbox 872 5562 929 5623; x_wconf 93' lang='lat' dir='ltr'><strong>pro</strong></span> <span class='ocrx_word' id='word_1_579' title='bbox 943 5539 1142 5602; x_wconf 81' lang='lat' dir='ltr'><strong>observandis</strong></span> <span class='ocrx_word' id='word_1_580' title='bbox 1162 5538 1319 5619; x_wconf 81' lang='lat' dir='ltr'><strong>preceptis</strong></span> <span class='ocrx_word' id='word_1_581' title='bbox 1337 5539 1396 5600; x_wconf 90' lang='lat' dir='ltr'><strong>erit</strong></span> <span class='ocrx_word' id='word_1_582' title='bbox 1416 5558 1505 5600; x_wconf 90' lang='lat' dir='ltr'><strong>amor</strong></span> <span class='ocrx_word' id='word_1_583' title='bbox 1517 5541 1592 5618; x_wconf 89' lang='lat' dir='ltr'><strong>Dei,</strong></span> <span class='ocrx_word' id='word_1_584' title='bbox 1608 5549 1639 5603; x_wconf 93' lang='lat' dir='ltr'><strong>et</strong></span> 
     </span>
    </p>
   </div>
   <div class='ocr_carea' id='block_1_31' title="bbox 0 0 1978 6341">
    <p class='ocr_par' dir='ltr' id='par_1_33' title="bbox 0 0 1978 6341">
     <span class='ocr_line' id='line_1_81' title="bbox 0 0 1978 6341; baseline 0 0"><span class='ocrx_word' id='word_1_585' title='bbox 0 0 1978 6341; x_wconf 95' lang='lat' dir='ltr'><strong> </strong></span> 
     </span>
    </p>
   </div>
  </div>
 </body>
</html>
