4200 6348
349 389 368 447 4

349 544 558 628 monasterii,
575 544 634 615 nbi
654 553 733 615 tunc
753 553 825 614 erat
840 553 963 628 rector,
978 545 1033 616 die
1044 545 1102 616 ult.
1117 545 1268 615 tannarii
1287 561 1463 616 4444444444.
1481 545 1568 614 Dum
1582 542 1795 633 theologiam,
1809 540 1936 633 quaede

348 669 500 740 moribus
524 677 656 752 tractat,
687 669 876 760 perlegeret
906 668 1066 753 Poloniae,
1098 670 1288 760 composuit
1307 688 1444 766 auream
1468 666 1559 738 illam
1581 666 1762 738 Medoltom
1777 685 1932 748 casuum,

2068 435 2070 538 l

349 814 422 884 qua
437 793 472 862 in
493 793 650 864 omnibns
669 792 747 863 dein
760 813 878 864 recusa
892 793 1085 884 provinciis,
1109 793 1260 864 omnium
1271 793 1379 863 tenuit
1393 791 1671 882 approbationem
1688 802 1810 885 ;atque
1830 788 1939 863 edidit

346 915 527 987 Maeotiam
546 918 710 1008 theologie
728 918 862 988 moralis
882 924 1023 988 monast.
1039 915 1191 1008 Westph.
1213 916 1301 1006 apud
1323 917 1460 987 Bernar.
1483 913 1608 986 Raslelt
1626 936 1756 988 nocxtv
1777 935 1934 988 recusam

347 1035 506 1122 Coloniae,
529 1038 755 1121 Francolorti,
779 1037 945 1128 Lugduni,
970 1041 1094 1123 Rome,
1110 1037 1274 1122 Venetiis,
1293 1038 1480 1120 Maceratae,
1495 1037 1616 1110 etalibi
1633 1038 1675 1110 ad
1692 1039 1870 1109 minimum
1889 1035 1937 1107 45

346 1162 475 1234 vicibus
499 1174 531 1235 41
552 1163 721 1235 44111445
748 1161 834 1234 15415
854 1172 904 1236 451
922 1163 1130 1255 Ulyssipone.
1161 1163 1280 1234 Postea
1300 1162 1422 1233 iterum
1447 1182 1485 1234 ac
1505 1161 1625 1254 saepius
1646 1181 1765 1232 recusa
1789 1168 1840 1232 est
1864 1167 1938 1229 tum

345 1286 531 1382 Anturpiae,
550 1297 621 1360 tum
635 1289 793 1372 Coloniae,
812 1287 858 1360 ita
871 1298 910 1359 ut
930 1287 1027 1359 facile
1047 1287 1305 1380 quinquagesies
1320 1290 1462 1360 subierit
1478 1289 1627 1381 praelum.

394 1431 454 1524 52.
470 1434 600 1524 Sequar
615 1433 769 1504 ordinem
779 1430 880 1523 hujus
892 1427 1057 1511 bledullae,
1072 1426 1212 1520 ejusque
1228 1437 1353 1501 textum
1369 1430 1479 1521 primo
1495 1429 1568 1500 loco
1584 1437 1729 1501 statuam
1748 1448 1825 1500 cum
1846 1427 1938 1501 notis

346 1549 1939 1644 commatumadinitiumetfinemcujusque,utdiscernipossit.thuamnisindiotabledulla
2068 1631 2070 1656 ξ

345 1675 1939 1772 sintaliquaepropositionespostmodumnotataeapontificibus(scriptaenimest,etimpressa
2068 1701 2069 1796 3

346 1811 423 1874 ante
432 1803 581 1887 decreta,
591 1804 692 1875 etiam
706 1801 888 1874 Alexandri
901 1801 993 1895 Vll),
1003 1810 1113 1872 1544444
1126 1820 1194 1871 non
1205 1800 1333 1872 correxi
1345 1799 1528 1892 quidquam
1540 1819 1601 1870 neo
1614 1799 1786 1870 immutavi
1800 1809 1938 1872 contex-

347 1939 429 2014 tum,
448 1939 520 2002 tum
540 1931 583 2002 ob
602 1931 763 2013 rationes,
775 1949 858 2020 quas
875 1926 1158 1998 notantVa'ndict'oe
1175 1925 1375 2008 Gelotiana,
1394 1923 1526 2014 partel,
1544 1922 1673 1994 observ.
1683 1931 1821 2006 vntum
1834 1924 1940 1995 maxi·

345 2074 400 2124 me
415 2074 457 2125 ne
471 2052 688 2125 cavillatores
711 2051 863 2124 dicerent
881 2049 1034 2141 pluribus
1057 2048 1146 2119 vitiis
1170 2047 1360 2118 statuisse:
1386 2047 1432 2118 nil
1452 2054 1564 2118 autern
1590 2045 1796 2118 incommodi
1826 2056 1940 2138 potest
2068 2051 2069 2058 ’

346 2177 457 2248 timeri
474 2197 514 2248 ex
528 2177 590 2248 hac
605 2175 840 2269 impressione,
868 2173 948 2266 quia
970 2172 1039 2244 suis
1059 2170 1154 2253 locis,
1178 2171 1236 2241 ubi
1260 2171 1509 2261 propositiones
1523 2169 1587 2242 illae
1606 2179 1798 2255 occurrent,
1822 2172 1939 2242 statim

345 2300 524 2392 subjiciam
543 2300 807 2381 damnationem,
831 2317 869 2370 ao
889 2295 1047 2368 indicabo
1067 2314 1217 2378 sensum,
1239 2295 1296 2385 qui
1313 2294 1548 2385 reprobandus
1563 2303 1623 2365 est.
1645 2293 1712 2365 Sed
1727 2313 1789 2366 neo
1806 2294 1841 2366 in
1862 2295 1939 2369 aliis

345 2442 479 2514 semper
502 2444 625 2514 sequar
644 2423 827 2496 sententias
848 2421 883 2490 P.
905 2418 1145 2502 Busembanm,
1174 2438 1292 2489 verum
1316 2417 1401 2505 illas,
1432 2439 1494 2512 pro
1518 2420 1641 2513 quibus
1660 2418 1742 2491 mibi
1767 2418 1940 2492 videbitur

346 2565 418 2616 esse
438 2545 548 2638 maior
567 2547 749 2617 auctoritas
762 2554 795 2615 41
813 2545 898 2616 ratio
919 2541 1059 2615 firmior.

393 2687 410 2780 S
427 2687 459 2757 3.
481 2687 576 2778 Saepe
596 2687 741 2758 releram
760 2686 1077 2771 variassententias‚
1103 2707 1186 2778 quas
1200 2686 1278 2758 licet
1299 2707 1365 2758 non
1381 2705 1515 2778 semper
1525 2679 1665 2776 positive
1676 2684 1939 2779 improbaturus

344 2809 420 2892 sim,
444 2818 591 2881 attamen
607 2831 674 2881 non
689 2809 766 2880 ideo
784 2809 900 2900 judico
920 2830 993 2880 esse
1009 2810 1160 2881 absolute
1175 2810 1367 2901 probandas
1382 2819 1439 2880 541
1459 2809 1584 2900 passim
1603 2808 1939 2901 sequendas;resero

345 2941 469 3015 154444,
492 2943 530 3004 41
544 2933 862 3004 confessarinssciat
876 2953 932 3004 eas
952 2954 971 3003 a
991 2933 1145 3023 gravibus
1169 2934 1363 3005 auctoribus
1387 2933 1515 3015 doceri,
1539 2941 1571 3004 et
1595 2935 1702 3024 possit
1716 2931 1937 3009 dissimulare

345 3055 548 3146 quandoque
563 3057 597 3127 in
618 3057 817 3128 necessitate
841 3075 918 3126 cum
937 3056 1190 3146 paenitentibus,
1214 3057 1241 3126 si
1263 3065 1361 3127 444154
1385 3054 1548 3127 accedant
1569 3055 1843 3138 circumstantiae,
1862 3080 1939 3150 quae

344 3178 488 3251 reddant
513 3178 760 3269 practicabiles,
786 3179 835 3250 uti
855 3178 1009 3270 pluribus
1025 3178 1156 3250 dicetur
1169 3179 1294 3262 liblll,
1312 3179 1447 3272 quando
1469 3179 1511 3251 de
1531 3178 1711 3271 prudentia
1725 3180 1938 3255 confessarii.
2057 3222 2061 3234 ·

343 3301 454 3372 Etiam
473 3323 560 3393 saepe
575 3301 719 3373 releram
747 3302 930 3373 sententias
949 3302 1107 3394 utrinque
1128 3303 1333 3394 probabiles,
1352 3311 1385 3374 et
1400 3325 1466 3375 non
1484 3302 1607 3374 addam
1621 3323 1682 3393 pro
1699 3324 1765 3395 qua
1779 3313 1875 3396 parte
1892 3307 1940 3379 sit

343 3445 457 3496 meum
469 3425 511 3497 de
527 3425 591 3496 illis
607 3424 941 3516 judicium,maxime
959 3426 1015 3497 nbi
1029 3435 1196 3517 quaeretur
1211 3426 1253 3499 de
1268 3427 1430 3518 peccatis3
1444 3426 1541 3518 cujus
1552 3446 1689 3500 cansam
1700 3425 1787 3499 dabo
1801 3427 1860 3500 lib.
1874 3430 1935 3514 lV,

343 3569 438 3621 num.
463 3547 568 3618 lota.

391 3680 408 3773 g
425 3680 457 3751 4.
474 3679 638 3752 ductores
661 3679 833 3750 brevitatis
853 3698 954 3750 causa
973 3679 1096 3752 citabo·
1111 3679 1263 3752 adductis
1293 3689 1423 3754 tantum
1442 3683 1561 3776 primis
1583 3681 1706 3756 litteris
1735 3687 1930 3774 nominum,

342 3831 416 3902 quae
435 3810 610 3884 citationes
634 3817 672 3878 ut
690 3807 930 3898 intelligantur,
959 3818 992 3880 et
1019 3819 1056 3880 ut
1080 3809 1244 3882 habeatur
1268 3809 1364 3881 rudis
1387 3808 1500 3900 aliqua
1527 3809 1646 3880 notitia
1663 3818 1853 3896 auctorum,
1877 3811 1937 3885 hic

341 3933 491 4026 redigam
506 3933 686 4025 plerosque
699 3930 734 4000 in
754 3931 909 4003 ordinem
928 3932 1177 4024 alphabeticum
1194 3952 1270 4005 cum
1299 3933 1521 4024 explicatione
1545 3931 1711 4003 dictarum
1730 3934 1936 4008 abreviatio-

342 4080 434 4131 nnm.
452 4058 644 4152 (Catalogus
664 4057 726 4128 iste
743 4065 776 4127 tn
797 4065 913 4128 nostro
927 4055 1213 4128 LibroProdromo
1227 4054 1444 4150 reperietur.)

389 4191 407 4285 S
427 4190 460 4262 5.
481 4190 545 4262 Ubi
561 4210 628 4261 non
644 4189 855 4282 assignavero
881 4189 1018 4273 librum,
1038 4189 1089 4260 vel
1105 4197 1283 4261 tractatum
1308 4189 1466 4273 auctoris,
1495 4210 1597 4281 quem
1617 4191 1696 4275 cito,
1721 4192 1935 4284 intelligetur

340 4314 438 4399 liber,
460 4313 513 4385 nel
528 4322 700 4397 tractatus,
725 4313 758 4383 in
779 4333 846 4405 quo
862 4314 929 4404 agit
942 4313 984 4385 de
999 4311 1151 4404 subjecta
1165 4313 1318 4396 materia,
1335 4333 1402 4384 ver.
1424 4333 1472 4404 gr.
1493 4313 1520 4384 si
1535 4315 1570 4384 in
1591 4316 1732 4386 materia
1746 4324 1935 4408 praecepto·

341 4459 417 4509 rum
436 4438 589 4528 decalogi
603 4437 732 4521 dixero,
755 4437 801 4508 ita
815 4436 937 4509 Sanch.
954 4436 974 4505 l.
996 4436 1023 4522 l,
1047 4457 1075 4507 4.
1091 4455 1124 4507 44
1147 4435 1352 4526 intelligetur
1371 4436 1521 4509 Sauchez
1540 4438 1576 4508 in
1599 4438 1700 4533 Opere
1718 4440 1843 4513 Mcroli
1861 4440 1936 4513 sive

343 4564 379 4632 io
392 4561 618 4652 decalogum
643 4559 670 4630 si
691 4559 836 4631 citavere
865 4560 900 4629 in
921 4559 1064 4630 materia
1084 4558 1303 4642 Matrimonii,
1326 4559 1517 4651 intellgetur
1536 4561 1687 4633 Sanchez
1715 4563 1751 4632 in
1774 4561 1871 4634 libris
1893 4566 1938 4636 de

341 4684 582 4767 Matrimooio;
604 4682 702 4753 etita
721 4682 763 4753 de
783 4683 866 4754 aliis.
888 4680 1031 4768 Quando
1052 4689 1165 4753 autem
1188 4702 1256 4753 non
1276 4683 1462 4773 exprimam
1491 4691 1597 4756 totum
1616 4685 1740 4772 locum,
1768 4682 1827 4758 sed
1849 4705 1878 4756 4.
1901 4707 1935 4778 g.

341 4805 504 4897 tantum§
525 4804 576 4875 vel
596 4824 688 4875 num.
704 4805 739 4874 in
760 4825 827 4897 quo
845 4804 909 4876 hoc
924 4803 1182 4876 velilludhabet
1195 4799 1324 4888 544141,
1348 4806 1474 4890 citatio,
1493 4827 1567 4898 quae
1582 4808 1759 4892 omittitur,
1782 4809 1936 4900 reperie-

342 4938 396 5000 tur
411 4927 511 5019 paulo
536 4937 613 4998 ante
628 4928 663 4997 in
683 4925 801 4999 eadem
816 4928 1087 5019 quaestionecum
1107 4929 1268 5000 ulteriore
1279 4927 1510 5021 designatione
1530 4930 1619 5015 libri,
1644 4941 1677 5003 et
1695 4931 1771 5004 loci.
1792 4931 1936 5004 Modum

341 5048 548 5142 intelligendi
570 5049 746 5121 citationes
762 5050 850 5141 juris
864 5051 1031 5135 canonici,
1055 5060 1089 5123 et
1108 5051 1214 5123 civilis
1229 5053 1445 5144 reperieslib.
1466 5055 1623 5126 lanum.
1646 5054 1728 5126 877.

389 5181 407 5276 5
427 5181 460 5253 6.
483 5180 594 5252 Etiam
608 5181 719 5252 citabo
735 5180 939 5273 quandoque
959 5190 1113 5255 auctores
1138 5183 1252 5256 Romae
1277 5185 1426 5258 confixos
1450 5203 1534 5277 qnos
1562 5185 1722 5278 legeram,
1749 5199 1935 5281 antequam

341 5305 591 5396 configerentur
612 5328 620 5374 :
641 5304 834 5396 videbitque
847 5305 965 5390 lector,
984 5307 1074 5399 quod
1090 5307 1227 5381 illorum
1246 5309 1386 5380 nimiam
1404 5309 1575 5381 laxitatem
1597 5317 1655 5381 aut
1673 5310 1936 5386 mordacitatem

341 5427 433 5500 nullo
452 5426 554 5499 modo
573 5427 728 5518 probem,
750 5428 809 5498 sed
834 5429 946 5518 potins
968 5431 1163 5521 impugnem
1184 5454 1191 5500 :
1212 5431 1304 5504 locos
1323 5442 1436 5504 autem
1459 5431 1595 5504 illorum
1614 5443 1752 5520 annoto,
1771 5443 1808 5504 ut
1827 5434 1935 5526 inspi-

340 5572 418 5624 cere
433 5551 562 5642 possint
575 5549 635 5633 illi,
654 5550 711 5640 qni
722 5571 742 5622 5
754 5571 845 5623 5544.
860 5551 948 5624 Sede
964 5553 1155 5626 facultatem
1166 5554 1292 5627 habent
1306 5555 1389 5628 tales
1408 5556 1512 5627 libros
1526 5555 1670 5648 legendi.
