3938 6338
527 407 576 468 DE
596 407 702 472 LOCIS
722 407 891 474 uocatis
912 412 1153 476 TIIECLOGIAE.
1575 415 1635 478 stt

99 570 155 632 CL.
172 568 312 652 lllpslcuus
328 569 404 634 libro
416 574 724 656 sesapesimaseptimu
735 574 775 637 ad
864 579 1118 661 ciscapetendum
1128 578 1636 660 acdsfcndendumquafuitactc

351 661 506 728 Edictum.
863 672 916 734 ris.
941 675 972 734 l.
989 673 1078 747 Quod
1093 673 1205 754 cuique
1220 691 1277 754 pro
1291 691 1328 734 eo
1348 677 1521 754 prestatur,
1537 672 1635 736 invito

98 753 136 814 Ex
155 771 215 832 qua
239 771 370 834 persona
396 757 465 836 quis
482 758 605 822 lucrum
632 759 723 840 capit,
747 761 815 840 ejus
863 779 928 824 non
942 763 1100 824 tribuitur.

61 844 429 924 bebimprastaredebet.
904 855 1138 918 chunaldum
1151 853 1597 936 ls'troscptucpesimoprlmoad

64 938 131 1000 CLI.
146 936 223 999 Iden
234 938 310 1002 libro
318 941 614 1022 manumisso-octauo
625 943 665 1006 ad
672 944 814 1008 Edictum
1171 946 1327 1010 Edictum.

94 1031 196 1092 Parem
215 1049 281 1094 esse
302 1035 511 1098 conditionem
526 1042 648 1117 oportet
667 1037 744 1116 ejus,
760 1039 815 1119 qui
903 1039 949 1100 Ad
964 1057 1001 1100 ea
1013 1039 1276 1119 quaenonhcbent
1287 1039 1480 1102 atrocitatem
1493 1038 1635 1102 facinoris

59 1123 126 1202 quid
136 1123 297 1203 possideat,
315 1127 364 1188 vei
373 1127 499 1204 babeat,
522 1135 615 1210 atque
637 1131 704 1210 ejus
724 1133 813 1210 cujus
862 1131 911 1193 vel
926 1132 1049 1194 sceleris
1061 1132 1095 1192 in
1103 1132 1153 1193 bis
1166 1131 1335 1211 ignoscitur
1345 1131 1494 1194 servisset
1507 1131 1636 1194 sidomi-

58 1214 120 1276 doio
139 1217 219 1276 malo
238 1217 353 1282 factum
371 1221 420 1298 sit,
438 1239 501 1302 quo
515 1223 619 1284 minus
632 1224 810 1304 possideret,
862 1222 910 1284 nis
923 1225 1035 1286 veihis
1056 1224 1110 1304 qui
1132 1225 1197 1285 vice
1215 1225 1415 1285 dominorum
1432 1229 1516 1294 sunt,
1538 1223 1635 1286 veluti

56 1307 242 1370 uelhaberet.
862 1317 1026 1392 mmuhus,
1056 1322 1088 1378 et
1111 1317 1305 1378 curatoribus
1337 1315 1632 1396 obtemperaverint.

90 1399 174 1462 CLII.
190 1400 322 1466 Paullus
337 1402 416 1466 libro
429 1409 776 1490 scaaqesimo-quartoad
863 1408 890 1467 I.
913 1406 1053 1486 Semper,
1073 1409 1127 1486 qui
1141 1406 1212 1468 dolo
1230 1405 1311 1480 iecit,
1341 1405 1510 1485 quominus
1538 1405 1633 1467 babe-

346 1494 505 1560 Edlclum.
838 1505 920 1574 -ret,
932 1517 988 1578 pro
1005 1498 1216 1560 eobabendus
1227 1503 1282 1568 est,
1298 1517 1334 1560 ac
1349 1497 1377 1559 si
1390 1497 1526 1558 baberet.
1543 1499 1574 1560 2.
1595 1499 1634 1559 Iu

89 1585 180 1645 Nemo
191 1585 345 1648 damnum
355 1588 439 1666 facit,
455 1591 514 1653 nisi
523 1592 577 1671 qui
587 1592 619 1654 id
632 1592 714 1672 fecit,
728 1595 812 1674 quod
862 1591 1262 1654 contractibussuoeessores
1273 1609 1312 1652 ex
1321 1590 1510 1652 dolosorum
1520 1590 1634 1668 quibus

55 1675 141 1738 saure
154 1678 221 1758 eJ'us
234 1697 301 1740 non
314 1680 417 1744 hebet.
861 1689 1082 1753 successerunt,
1091 1688 1283 1745 nontantum
1291 1683 1327 1744 in
1340 1683 1372 1744 id
1382 1683 1466 1763 quod
1479 1682 1631 1764 pervenit,

88 1769 187 1832 CLIII.
209 1770 357 1852 Ulpianus
367 1773 441 1837 libro
450 1777 721 1859 seaapeslmo-coaa
732 1779 772 1842 ad
861 1777 1085 1839 verumetiam
1104 1777 1138 1838 in
1151 1774 1286 1838 solidum
1311 1781 1477 1838 tenentur:
1505 1775 1565 1837 boc
1587 1779 1634 1838 est

346 1865 507 1934 Edictum.
862 1869 1075 1948 unusquisque
1090 1885 1147 1948 pro
1164 1887 1201 1930 ea
1218 1873 1315 1948 perte,
1332 1867 1502 1948 qirahaeres
1513 1874 1570 1929 est.

87 1953 225 2034 Hocjurc
246 1957 377 2034 utimur,
393 1965 428 2020 ut
448 1959 600 2041 quidquid
615 1965 743 2025 omnino
754 1983 811 2046 per
861 1963 964 2026 CLIX.
982 1961 1074 2042 Cujus
1088 1961 1165 2024 libro
1183 1961 1414 2041 viperina-scats
1433 1958 1473 2022 ad
1484 1959 1632 2022 Edictum

53 2045 180 2124 nubat,
196 2049 556 2130 utinvispublicae,aut
571 2056 662 2116 iuvis
683 2059 810 2137 privata
1149 2051 1345 2116 Provincaa.

53 2138 156 2200 cumen
179 2141 298 2202 incidat
325 2145 352 2204 l.
380 2143 487 2222 Dejicit
512 2151 542 2208 et
560 2149 615 2226 qui
637 2149 806 2226 mandeti,
901 2147 1043 2210 creditor
1057 2146 1111 2226 qui
1125 2145 1277 2226 permittit
1297 2163 1365 2206 rem
1377 2144 1496 2220 venire,
1516 2144 1632 2225 pignus

52 2231 84 2290 In
107 2232 257 2294 maleficio
277 2234 486 2298 ratihabitatio
513 2239 659 2301 mandato
684 2260 808 2323 compa-
861 2240 1006 2303 demittit.

51 2333 126 2384 ratur
145 2327 173 2386 3.
202 2327 242 2386 In
266 2328 481 2406 contractibus,
510 2331 623 2410 quibus
641 2333 703 2395 doli
726 2355 807 2416 prae-
861 2334 951 2396 CLX.
968 2330 1099 2394 Paullus
1110 2331 1188 2392 libro
1199 2331 1409 2413 scptuapeslmo
1422 2329 1462 2392 ad
1473 2327 1629 2392 Edictum.

51 2417 129 2478 statio
142 2418 287 2480 veihona
309 2419 385 2482 tides
398 2423 488 2492 inest,
503 2424 602 2486 baares
623 2426 656 2487 in
674 2428 808 2491 solidum
901 2426 971 2487 Non
984 2429 1020 2484 ut
1041 2441 1080 2486 ex
1104 2423 1247 2504 pluribus
1271 2423 1385 2484 caussis
1411 2422 1518 2484 deberi
1542 2423 1632 2484 nobis

50 2513 170 2572 bnemr.
859 2519 943 2580 idem
965 2521 1090 2598 potest3
1115 2515 1217 2576 iteca
1241 2515 1382 2596 pluribus
1408 2515 1521 2597 caussis
1547 2515 1631 2578 idem

84 2603 182 2666 CLIV.
197 2603 330 2667 Paullus
342 2605 419 2669 libro
431 2609 721 2691 scaapen'mcquiuto
730 2611 770 2673 ad
859 2614 1003 2691 potestat
1016 2612 1158 2669 nostrum
1172 2626 1247 2670 esse.

346 2698 499 2762 Edr'ctum.
880 2703 983 2766 CLXI.
1005 2699 1150 2781 Ulpianus
1169 2699 1244 2761 libra
1257 2699 1613 2781 septuapssimaaeatood

82 2789 149 2850 Fere
188 2789 439 2872 quibuscumque
479 2793 581 2855 modis
620 2796 805 2876 obligamur,
1168 2791 1321 2855 Edictum·

48 2879 144 2942 iisdem
162 2882 197 2944 in
215 2882 409 2944 eontrarium
429 2885 505 2946 actis
524 2886 710 2950 liberamur:
736 2910 807 2952 cum
898 2888 989 2949 Aliud
996 2884 1435 2962 estvendere,aiiudvendenti
1442 2886 1627 2950 consentire.

48 2973 147 3051 quihus
165 2975 267 3036 modis
287 2975 493 3055 adquirimus,
512 2979 622 3040 iisdem
638 2981 672 3042 in
690 2989 809 3046 contra-
860 2983 888 3040 I.
901 2980 1009 3042 Refert
1016 2981 1048 3042 id
1059 2979 1099 3041 ad
1112 2979 1282 3046 universos,
1299 2977 1383 3058 quod
1391 2977 1513 3058 publice
1524 2979 1561 3040 fit
1574 2999 1632 3060 per

47 3064 119 3126 rium
130 3067 205 3128 actis
223 3068 406 3130 amittimus.
421 3071 462 3133 Ut
479 3071 574 3150 igitur
586 3073 674 3135 nulla
691 3093 808 3156 posses
857 3073 1009 3151 majorem
1022 3077 1153 3154 partam·
1171 3069 1392 3132 2.Absurd11m
1404 3075 1459 3140 eti,
1467 3070 1537 3150 plut
1549 3071 1630 3150 jun's

47 3159 85 3218 sio
100 3159 219 3240 adquiri
242 3159 304 3221 nisi
317 3161 436 3239 animo,
453 3167 750 3246 etcorporepotest3
764 3169 807 3232 ita
857 3163 971 3226 habere
992 3163 1085 3246 (enm)
1113 3162 1163 3223 cui
1185 3162 1303 3238 legatus
1321 3162 1360 3222 sit
1379 3161 1506 3238 Iamdiu,
1534 3181 1629 3244 φιεω

47 3249 122 3312 nulia
133 3253 370 3330 amittitur,nisi
382 3253 416 3316 in
427 3274 490 3334 qua
502 3260 713 3338 utrumquem
731 3279 804 3322 con-
857 3256 1025 3331 heredem,
1034 3261 1090 3318 aut
1102 3257 1206 3336 ipsum
1217 3259 1408 3328 metatorem,
1421 3254 1448 3314 si
1458 3255 1585 3318 viveret.

46 3345 282 3408 trarinmacbrm
296 3351 352 3406 cst.
895 3345 1592 3428 CLXIIJdemlibroseptuapesimcscptlmoad

47 3435 125 3498 CLV.
135 3435 279 3518 Ulpianus
293 3437 370 3498 isba
383 3440 802 3520 scpluapesimaadls'dlctum.
1164 3437 1319 3503 Edictum.

80 3531 152 3590 Cum
177 3549 234 3611 per
265 3530 413 3592 delictum
439 3537 485 3593 cst
507 3532 652 3604 duorum,
684 3555 805 3618 semper
895 3540 933 3599 In
962 3536 1034 3616 jure
1063 3534 1146 3596 civili
1173 3537 1333 3611 receptum
1353 3535 1410 3608 est,
1432 3533 1552 3612 quoties
1572 3551 1628 3614 per

47 3628 181 3684 oneratur
193 3623 320 3703 petitor,
336 3629 367 3684 et
379 3623 490 3686 melior
503 3625 634 3688 babetur
651 3647 803 3708 possesso·
854 3648 966 3706 unum,
981 3629 1068 3707 cujus
1079 3628 1207 3688 interest
1221 3624 1429 3686 conditionem
1443 3642 1506 3687 non
1520 3624 1628 3707 imple·

45 3713 81 3772 r'u
92 3733 216 3776 caussa:
239 3715 318 3775 sicut
339 3715 386 3792 tit,
410 3735 481 3778 cum
500 3719 538 3778 de
563 3720 634 3780 dolo
655 3722 805 3804 excipitur
855 3723 894 3799 ri,
909 3723 973 3795 flat,
989 3720 1157 3800 quominus
1171 3716 1349 3797 Implentur,
1361 3717 1491 3796 perinde
1504 3717 1625 3795 hubert,

45 3806 188 3884 petituris:
205 3825 308 3886 neque
331 3808 415 3868 enim
438 3809 529 3871 dabir
552 3811 621 3872 talis
645 3815 804 3894 replicatio
855 3833 892 3875 ac
906 3815 930 3876 si
945 3813 1071 3893 impieta
1084 3810 1222 3872 conditIo
1239 3809 1366 3883 tanen
1382 3809 1518 3888 quoded
1531 3809 1624 3872 Iiber-

45 3899 156 3976 petitori
171 3897 238 3980 (aut
249 3900 328 3961 sirei
340 3919 463 3980 quoque
475 3902 509 3962 in
523 3921 560 3964 ea
573 3921 607 3964 re
619 3905 690 3966 dolo
701 3913 805 3970 aetum
855 3901 1328 3982 tatem,etlegate‚etbccredum
1334 3900 1542 3962 institutiones
1557 3920 1625 3982 per·

45 3989 98 4071 sit.)
112 3993 139 4052 l.
155 3992 207 4053 illi
219 3992 312 4054 debet
330 3994 467 4073 permitti
480 4013 606 4074 poenam
619 4005 736 4077 petere,
751 4001 804 4080 qui
854 3998 989 4060 ducitur.
1001 3995 1122 4063 Quibus
1129 3991 1493 4073 exemplisnstipulationes
1500 4011 1625 4075 quoque

45 4081 179 4161 inipsam
190 4103 257 4146 non
270 4085 390 4146 incidit.
856 4090 1112 4162 committuntur3
1129 4103 1264 4164 cumper
1277 4085 1496 4164 promissorem
1509 4084 1625 4150 lactum

79 4174 176 4239 CLIII.
193 4174 320 4237 Paullus
336 4175 712 4261 lr'lroseaapcslmo-qalato
727 4183 768 4246 ad
855 4189 944 4259 essct,
951 4181 1119 4262 quominus
1133 4177 1295 4258 stipulator
1312 4177 1482 4238 conditioni
1490 4186 1622 4258 pareret.

345 4267 502 4332 Edictum.
916 4274 1053 4336 CLXIII.
1068 4269 1197 4335 Paullus
1212 4268 1291 4331 libro
1305 4270 1567 4351 septuapeslmoad

80 4359 202 4424 Pactum
236 4361 347 4441 cuique
378 4379 482 4440 suum,
514 4383 579 4426 non
616 4367 802 4442 adversario,
1128 4361 1281 4424 Edictum.

46 4467 147 4514 nocere
160 4453 262 4528 debet,
279 4457 310 4514 l.
325 4455 394 4516 Non
407 4455 531 4518 videtur
544 4457 611 4518 vim
625 4459 737 4538 facerc,
751 4465 805 4542 qui
896 4460 972 4528 Quae
1000 4461 1125 4538 propter
1148 4453 1363 4516 necessitatem
1389 4460 1512 4536 recepta
1539 4465 1623 4533 sunt,

43 4541 105 4618 jure
117 4563 173 4605 suo
193 4547 303 4613 utitur.
319 4551 350 4607 et
368 4547 524 4610 ordinaria
547 4551 666 4614 actione
684 4557 804 4633 experi-
855 4570 919 4614 non
933 4551 1047 4612 debent
1059 4550 1094 4610 in
1107 4551 1327 4627 argumentum
1341 4546 1435 4607 trabi.

45 4639 100 4697 tur.
114 4639 145 4698 2.
166 4639 203 4699 In
214 4639 388 4718 pecudibus
402 4641 517 4702 caussis
529 4641 694 4722 benignius
707 4645 803 4710 inter-
855 4645 991 4705 CLXIV.
1013 4641 1157 4722 balanus
1171 4637 1251 4699 libro
1264 4639 1626 4722 quinquapesimc-quialo

45 4729 221 4806 pretandum
234 4738 291 4792 ost.
1135 4731 1341 4794 chdictam.

99 4821 219 4883 CLVII.
239 4821 386 4903 Ulpianus
398 4823 472 4886 libro
484 4827 695 4907 septaupesimo
707 4829 748 4891 od
896 4827 955 4890 Cui
964 4828 1017 4906 jus
1030 4832 1076 4887 est
1087 4824 1235 4890 donandi.
1251 4823 1577 4899 eidemetvendendi,
1594 4830 1626 4887 et

345 4914 501 4978 Edictum.
855 4918 1048 4983 conducendi
1057 4918 1110 4997 jus
1123 4923 1179 4978 est.

80 5003 197 5068 Invitam
206 5027 300 5072 nemo
311 5027 379 5072 rem
390 5010 511 5088 cogitirr
520 5010 694 5075 defendere.
707 5016 735 5077 l.
749 5016 805 5077 Cui
856 5013 974 5074 CLXV.
996 5009 1119 5072 Paullus
1131 5009 1209 5071 libro
1223 5008 1573 5090 quinquepesimoprima
1585 5007 1626 5070 ad

45 5092 147 5159 damus
192 5102 337 5178 actiones,
389 5102 490 5163 eidem
540 5110 572 5164 et
611 5107 805 5187 exceptiones
1162 5100 1317 5163 Edictum.

45 5191 210 5265 competere
231 5192 332 5252 mrdto
348 5191 447 5268 magis
458 5193 528 5270 quis
541 5193 664 5254 diruerit.
680 5196 711 5256 2.
728 5197 806 5257 Cum
896 5197 1031 5259 Poenalia
1041 5196 1157 5275 judicia
1174 5194 1270 5256 semel
1283 5199 1418 5274 accepta,
1438 5193 1472 5254 in
1484 5191 1623 5254 heredes

46 5278 110 5358 quis
133 5279 168 5340 in
187 5283 315 5362 aiicujus
341 5283 445 5344 locum
468 5286 656 5362 successerit,
677 5305 741 5348 non
760 5293 806 5349 est
854 5289 1022 5352 transmitti
1035 5293 1173 5369 possunt.

48 5388 166 5450 equum
185 5375 213 5436 ei
235 5393 347 5436 nocere
367 5375 438 5452 boc,
464 5377 548 5455 quod
568 5378 713 5439 adversus
732 5399 806 5441 eum
855 5382 985 5446 CLXVI.
1013 5380 1162 5462 lllptauus
1182 5379 1261 5440 libro
1282 5378 1624 5462 quinquepartito-tertio

47 5479 106 5524 non
118 5467 233 5544 nocuit,
247 5467 281 5527 in
295 5467 381 5546 cujus
398 5467 503 5528 locum
521 5471 674 5531 successIt.
689 5473 719 5532 3.
736 5472 804 5534 Ple·
1132 5473 1172 5534 ad
1188 5471 1342 5534 Edictum.

48 5571 173 5635 rumque
196 5560 343 5638 emptoris
365 5561 472 5622 eadem
495 5579 602 5622 caussa
623 5581 688 5624 esse
715 5563 807 5625 debet
895 5569 972 5629 Cum
991 5567 1061 5645 quis
1085 5568 1180 5647 possit
1199 5565 1345 5643 alienare,
1371 5567 1484 5646 poterii
1503 5571 1534 5628 et
1547 5583 1621 5628 con·
