3946 6344
645 377 757 444 areae
779 377 979 446 smunnus
1297 330 1309 344 ’
1548 381 1607 442 aas

52 551 82 611 de
89 544 252 626 conjugatis,
268 542 380 622 quihus
400 543 505 608 minus
517 541 638 608 licitum
652 549 697 606 cst
708 561 791 624 quss-
840 551 941 626 turpe,
955 563 990 608 aa
1007 561 1186 622 venereum,
1198 544 1491 623 peacctmortaliter,
1507 545 1532 605 si
1543 564 1610 606 non

51 660 105 706 rere
115 641 222 721 placere
235 636 345 700 alienis
361 655 369 700 ι
385 635 447 699 Neo
461 634 564 710 obstat,
586 637 670 714 quod
684 637 792 700 mulie-
839 637 988 718 impediat
1001 638 1124 716 quando
1147 637 1307 702 commode
1321 643 1431 716 potest,
1448 638 1522 717 quia
1534 657 1608 699 ecn-

50 733 118 794 1ibus
137 731 249 794 licitum
264 730 303 790 sit
316 728 479 792 ostendere
499 747 571 792 suas
589 727 692 798 boias,
718 747 789 807 qiam
839 729 935 792 currit
952 730 992 792 ad
1005 735 1109 792 actum
1123 729 1294 792 mortalitor
1308 729 1443 805 malum;
1466 731 1492 790 si
1503 737 1609 791 tamon

50 831 136 886 umen
147 827 215 886 aaut
228 840 300 901 pars
312 821 531 900 pulcherrima,
551 837 621 884 nam
633 821 668 882 in
682 820 791 900 primis
839 821 960 902 publice
970 822 1001 883 id
1014 821 1079 888 fiat.
1092 822 1204 884 docent
1226 823 1315 884 Azor.
1329 821 1442 901 aliique
1456 841 1527 884 cum
1549 823 1607 882 Bc-

49 918 161 980 ostcnsio
184 914 274 978 faciei
302 919 348 976 est
371 913 553 988 neaemana,
580 919 612 974 et
634 931 652 974 a
679 917 792 976 natura
840 933 910 978 aaa.
924 912 959 974 cle
972 913 1108 978 Matrini.
1122 933 1171 994 qu.
1184 915 1214 976 i.
1227 933 1259 994 p.
1276 916 1306 974 u.
1318 935 1369 976 aa.
1386 917 1436 976 10.
1456 933 1521 975 non
1535 933 1609 994 pcc-

49 1011 102 1090 ipsa
112 1008 272 1072 inductaiu
285 1005 741 1080 humanamcouversatioacm,
757 1009 793 1068 ut
840 1011 980 1068 caturam
1004 1007 1154 1083 graviter,
1178 1006 1203 1068 si
1217 1007 1391 1087 permittat,
1419 1007 1492 1086 quia
1514 1008 1613 1087 repel-

48 1103 124 1164 hcmc
147 1103 184 1164 ab
203 1101 331 1164 homine
357 1100 577 1178 dignoscatur}
605 1098 716 1161 deinde
747 1103 793 1162 est
840 1098 1612 1179 lendoingereretanimisadstantiumsuspicionem

48 1196 191 1270 ordinaria,
210 1195 341 1272 ideoque
354 1193 459 1254 minus
470 1197 574 1255 movet
587 1211 595 1265 ;
612 1198 643 1252 et
654 1191 679 1252 si
692 1209 791 1269 quan·
841 1191 968 1269 peccati,
989 1196 1020 1252 et
1034 1190 1199 1254 infamaret
1219 1191 1366 1266 alterum;
1382 1193 1436 1252 aad
1451 1191 1518 1252 haec
1532 1192 1611 1252 ratio

47 1289 132 1368 doque
155 1289 192 1348 ad
219 1287 338 1348 malum
363 1285 477 1360 trahat,
504 1289 550 1344 est
574 1283 665 1362 culpa
692 1282 791 1347 danae
840 1283 893 1344 uis
908 1282 1003 1346 habat
1018 1282 1122 1344 locum
1135 1282 1167 1342 in
1181 1283 1281 1361 pratri,
1297 1283 1370 1360 quia
1385 1283 1487 1363 potius
1502 1301 1610 1344 cansc-

47 1380 218 1460 aspicientis:
235 1397 251 1440 c
271 1383 378 1442 contm
401 1375 625 1438 denudationes
643 1374 703 1438 illae
720 1379 793 1434 sunt
840 1380 892 1434 tur
905 1375 1084 1451 honestatis,
1100 1380 1131 1434 ct
1153 1376 1348 1440 verecundiae
1374 1376 1407 1438 id
1429 1377 1609 1456 repudiare;

46 1468 793 1548 volutimatronataramauaesaturniacaspartos
841 1487 898 1530 nec
911 1467 992 1543 idco,
1015 1468 1042 1528 si
1055 1467 1223 1547 repellatur
1247 1468 1368 1546 aliquis,
1384 1469 1466 1548 apud
1481 1469 1611 1547 vulgum

47 1565 266 1645 pretarlnciem,
282 1561 793 1640 almanustagimainceesaoontra
841 1561 959 1640 patitur
991 1559 1161 1635 infamiam,
1198 1561 1224 1620 si
1253 1565 1357 1622 autem
1384 1562 1443 1622 hcc
1476 1566 1613 1623 tentetur

46 1676 149 1718 norem
171 1673 372 1718 communem
386 1653 556 1716 mulierum
578 1652 790 1714 honestarum.
842 1658 969 1728 secreto,
994 1671 1102 1714 omnes
1121 1659 1244 1728 teuent,
1266 1653 1414 1716 feminam
1434 1672 1498 1714 non
1524 1672 1613 1733 posse

46 1751 209 1812 VerbaEliz.
223 1749 371 1810 sunthcec
384 1745 543 1810 :Homines
552 1743 792 1807 armatesmulie-
842 1745 1020 1824 permittere
1031 1744 1070 1804 cb
1080 1744 1235 1808 rationem
1248 1745 1363 1808 datam
1381 1747 1470 1814 Quod
1486 1746 1510 1806 si
1525 1746 1614 1808 dubi-

45 1839 373 1924 mapuoefociemsolum
387 1835 792 1912 aimdaauereuereeame,
842 1842 897 1910 tet,
913 1836 994 1896 auid
1005 1836 1044 1899 ab
1055 1837 1152 1898 altero
1175 1838 1229 1900 fiat
1243 1838 1324 1900 malo
1347 1839 1463 1915 anima,
1490 1839 1610 1900 Filliuc.

45 1933 300 2016 satopadseelicere
310 1938 509 2012 nonpossunt:
521 1928 582 1992 ista
585 1927 791 2009 peculiariter,
843 1935 875 1992 et
888 1929 1036 1995 Tambur.
1054 1930 1087 1992 in
1098 1929 1200 1992 Derai.
1214 1930 1264 1993 lib.
1281 1933 1310 1992 5.
1326 1931 1389 2011 cap.
1405 1931 1502 2012 t.§t.
1516 1951 1547 1992 n.
1561 1933 1610 1992 25.

44 2033 210 2106 ettanquam
227 2025 348 2105 sentinae
364 2021 475 2084 anobis
501 2021 619 2097 amari,
644 2027 672 2082 ct
694 2019 796 2101 appeti
844 2021 1065 2102 aeganttcneri
1080 2022 1242 2100 impedire,
1260 2025 1333 2103 quia
1355 2025 1389 2086 ia
1411 2025 1507 2086 dubio
1521 2043 1614 2086 nemo

46 2118 138 2194 uolunt,
154 2126 207 2179 aut
221 2137 253 2179 eo
266 2124 347 2188 eant,
363 2123 396 2178 at
406 2113 546 2196 placeant
560 2112 655 2180 arabia·
670 2111 795 2172 sanarem
844 2115 1042 2194 praesumitur
1055 2115 1170 2190 malus;
1187 2117 1299 2179 Bonan.
1327 2117 1517 2196 probabilius
1530 2118 1613 2178 affir-

44 2229 82 2270 ιιιι
99 2209 210 2272 uacant
233 2208 336 2282 nudas,
354 2205 470 2272 medere
482 2204 635 2285 dr'cereqae
653 2211 773 2284 ,ιιοιιιιιιι
783 2220 794 2266 .·
844 2211 920 2283 mat,
937 2207 1009 2286 quia
1022 2208 1075 2269 rix
1099 2208 1199 2270 alaerit
1217 2209 1317 2287 culpa,
1333 2215 1364 2270 et
1383 2210 1500 2272 femina
1515 2210 1615 2271 utitur

44 2303 96 2364 ista
112 2303 217 2380 amari,
233 2307 262 2362 et
275 2299 401 2382 appetis
415 2297 494 2362 nabis
512 2297 625 2374 coirent,
640 2305 668 2358 et
679 2296 797 2377 placere
841 2300 912 2379 jure
926 2319 993 2376 suo,
1007 2301 1201 2380 consulitque
1215 2301 1307 2362 saluti
1319 2302 1465 2381 proximi.
1482 2319 1484 2326 ’

42 2393 118 2462 notu,
139 2393 200 2457 isac
215 2400 314 2456 autem
328 2398 369 2454 est
393 2396 527 2454 munima
540 2389 641 2464 matio,
659 2397 686 2450 et
701 2389 801 2452 tenta·¹
1080 2439 1306 2500 ARTICULUS
1329 2441 1371 2500 m

42 2487 233 2570 tiaetperse
255 2484 360 2548 uilloc
382 2484 481 2563 ipsam
504 2481 798 2562 ordinatarerpoest
980 2558 985 2570 Ι
1103 2493 1104 2496 ’
1375 2486 1382 2500 ·

41 2596 119 2656 W
131 2587 293 2662 mmmm,
309 2585 338 2638 et
350 2574 475 2656 explico,
493 2575 562 2655 quia
572 2573 599 2636 33·
612 2573 687 2654 qugd
698 2573 799 2653 hujus,
891 2558 939 2610 Aa
962 2555 1051 2614 ltceut
1073 2555 1199 2612 alterius
1216 2563 1339 2630 peccato
1362 2557 1562 2618 erraterialiter
1637 2558 1698 2618 250

41 2669 109 2732 nodi
127 2673 215 2734 stram
238 2668 464 2732 remotusimam
479 2667 597 2746 lmine
610 2666 685 2728 airis
700 2663 797 2744 laque-
1139 2641 1322 2714 imperari?

40 2771 143 2840 rmmr,
157 2763 247 2826 ualde
266 2768 421 2834 tenorent,
438 2767 465 2822 et
480 2765 643 2840 peccarent,
660 2766 687 2818 et
701 2757 797 2838 aqui·
890 2801 911 2832 „
927 2758 1022 2836 Resp.
1050 2758 1217 2838 Conperari
1246 2763 1369 2820 tautum
1403 2759 1615 2832 materialiter,

41 2853 528 2936 talenteroprreipsolopauntur...
540 2851 602 2916 Hoc
614 2858 656 2912 est
668 2853 797 2931 pentum,
847 2848 1111 2914 subministrando
1125 2851 1226 2914 solum
1248 2851 1420 2927 materiam,
1437 2857 1469 2914 et
1489 2852 1616 2914 iscalm-

38 2951 63 3006 et
76 2946 223 3028 inperium
232 2945 402 3018 mulierum,
412 2951 445 3005 ut
456 2943 542 3006 auide
554 2942 674 3024 carpiani
687 2942 796 3015 amari,
848 2946 912 3002 tem
926 2943 1082 3021 peccandi.
1099 2943 1149 3004 vcl
1163 2943 1337 3006 exhibendo
1352 2943 1517 3022 objectum,
1534 2945 1616 3020 licet,

38 3045 61 3098 et
72 3040 178 3120 appeti,
196 3059 265 3102 cam
290 3037 368 3100 enim
389 3037 450 3100 sint
470 3044 580 3100 natura
598 3033 797 3116 valdesaper·
848 3033 873 3092 si
886 3040 1048 3114 sequentes
1069 3036 1259 3100 conditiones
1277 3035 1388 3098 adsint.
1413 3038 1439 3100 Ι.
1466 3037 1499 3098 Si
1526 3043 1618 3100 tuum

36 3129 82 3209 lee,
97 3131 216 3194 etnibil
228 3130 299 3212 ipsas
319 3129 514 3202 relictamsit,
532 3129 564 3189 in
578 3148 635 3209 qno
648 3129 799 3208 superbire
848 3143 937 3204 opus,
953 3127 1002 3188 vel
1020 3127 1195 3206 cooperatio
1213 3128 1254 3189 sit
1280 3129 1454 3192 secundum
1477 3147 1509 3190 ss
1525 3129 1616 3206 hona,

34 3228 125 3302 pacit,
139 3243 197 3284 noa
221 3223 298 3284 enim
320 3221 442 3302 plausus
455 3219 608 3292 doctrina,
632 3239 689 3280 nan
703 3219 799 3299 plor-ia
848 3218 1016 3282 valsaltem
1031 3219 1220 3284 indifferens.
1238 3221 1278 3282 ll.
1295 3221 1327 3282 Si
1338 3220 1420 3283 bona
1434 3221 1617 3295 intentione,

35 3314 184 3392 militaris,
200 3313 506 3396 neapotentiaciuilis
520 3332 531 3376 .·
549 3313 581 3374 in
595 3312 646 3376 loa
668 3311 798 3392 pluriam
849 3315 880 3371 ct
893 3311 1071 3372 rationabili
1091 3331 1130 3374 cx
1144 3331 1235 3374 causa
1252 3312 1318 3386 liat,
1342 3320 1374 3376 et
1390 3331 1454 3378 uon
1478 3319 1513 3376 ut
1530 3314 1621 3393 juves

36 3425 140 3469 manem
156 3418 285 3489 ponam,
317 3415 349 3468 ut
374 3405 501 3470 liomines
528 3403 718 3468 irinc'raltem
745 3404 802 3466 sili
849 3404 981 3464 alterum
1001 3423 1138 3483 paccare.
1170 3406 1222 3466 ΙΙΙ.
1255 3405 1289 3465 Si
1314 3406 1439 3466 alterius
1461 3413 1619 3486 peceatum

33 3499 199 3578 sarificium,
214 3499 359 3572 illiciant,
373 3506 399 3560 et
415 3497 566 3570 irretiant,
583 3505 610 3558 et
623 3516 800 3578 praecipuam
848 3494 999 3574 impedire
1022 3515 1169 3575 nequeas,
1185 3502 1240 3560 aut
1267 3497 1375 3560 saltam
1390 3516 1455 3558 non
1473 3499 1617 3566 tenearis.

33 3590 68 3651 al
78 3592 136 3654 alia
150 3592 281 3656 transire
289 3590 392 3666 nolint,
405 3593 507 3652 arriani
521 3597 617 3652 tamea
628 3587 704 3650 lianc
717 3608 800 3650 suam
849 3596 976 3667 propter
987 3606 1110 3650 calisam
1125 3589 1353 3652 rationabilem.

33 3684 194 3760 uictoriam,
211 3691 240 3744 ct
254 3680 449 3762 triumphum,
465 3700 501 3742 ac
522 3680 798 3760 superioritatem...
893 3684 914 3714 “
938 3680 1025 3740 Circa
1038 3699 1133 3760 quam
1151 3687 1239 3742 notat
1262 3683 1373 3744 Sanch.
1390 3685 1421 3742 ct
1435 3684 1545 3762 Laym.
1564 3682 1620 3744 etsi

34 3773 107 3836 Olim
116 3776 238 3858 quidem
252 3795 301 3856 epo
318 3771 523 3836 existimabam
537 3771 641 3852 plures
652 3773 799 3849 mulieres,
850 3769 917 3849 ejas
928 3773 1062 3850 gravitas
1075 3773 1271 3851 ccitaregula
1280 3773 1401 3834 definiri
1409 3781 1554 3852 nequeat,
1567 3777 1620 3836 sed

30 3886 113 3946 mam
137 3870 218 3930 arros
236 3866 350 3930 salvari
376 3884 414 3926 ea
436 3864 508 3945 pari
521 3883 651 3938 numero,
668 3865 739 3945 puia
752 3883 803 3926 nec
851 3864 1010 3946 prudentis
1029 3865 1147 3942 judicio
1162 3865 1320 3930 metienda
1340 3866 1379 3928 sit
1393 3885 1400 3925 ι
1416 3872 1502 3928 tanto
1516 3872 1621 3928 tamen

32 3959 237 4042 naptarum,
262 3978 314 4022 nec
337 3957 534 4040 praefecturas
558 3965 683 4036 perant,
711 3975 802 4037 nepae
851 3957 1025 4034 graviorem
1037 3957 1166 4037 requiri.
1184 3962 1339 4037 t.quanto
1354 3959 1477 4037 gravius
1490 3965 1536 4020 ast
1549 3977 1621 4039 pcc-

29 4051 89 4114 olia
113 4059 242 4135 propter·
262 4069 328 4132 qaae
350 4049 442 4112 multi
465 4047 594 4112 nomines
611 4055 757 4129 pereunt;
771 4056 803 4110 at
852 4055 966 4127 catum,
981 4049 1069 4129 cujus
1084 4051 1201 4112 occasio
1214 4051 1316 4114 datur.
1329 4053 1359 4114 a.
1375 4057 1491 4130 quanto
1505 4052 1620 4130 pmba·

29 4153 177 4225 tunquam
192 4145 280 4206 r'stam
303 4142 459 4204 mediarum
473 4141 645 4216 uanitatem,
664 4150 692 4202 et
705 4159 804 4222 saper-
852 4141 944 4204 bilius
971 4149 1018 4204 cst
1043 4147 1075 4204 ta
1103 4161 1168 4206 non
1193 4149 1378 4223 cooperante
1405 4145 1537 4206 ulterram
1557 4163 1622 4206 non

31 4233 116 4314 liam,
135 4235 360 4317 hominibusque
377 4233 516 4315 placendi
535 4233 701 4296 inanimum
713 4252 804 4314 appe-
852 4241 1063 4314 peccaturum,
1079 4244 1134 4298 ant
1156 4241 1273 4313 quanto
1294 4236 1405 4298 certior
1427 4243 1473 4298 est
1495 4237 1621 4298 affectus

30 4327 126 4406 titiam,
156 4335 188 4390 et
214 4327 282 4390 inelc
308 4333 425 4408 captam
451 4325 579 4408 pieriam
605 4324 801 4396 consideravi,
853 4328 984 4406 peccati.
1002 4331 1029 4388 3.
1047 4333 1164 4408 quanto
1178 4329 1383 4408 propinquius
1408 4335 1462 4392 tua
1476 4349 1622 4411 coopera-

24 4419 196 4498 piarimarn
211 4419 347 4484 dubitare
360 4419 468 4500 capi...
497 4417 537 4480 Si
550 4417 654 4498 ipitur,
671 4425 706 4478 ut
728 4415 803 4478 drae-
853 4419 898 4479 tio
911 4425 1071 4498 peccatum
1084 4419 1217 4499 attingit.
1231 4422 1261 4484 i.
1285 4427 1400 4500 quanto
1421 4423 1526 4486 minus
1542 4423 1623 4502 juris

30 4509 74 4574 ta
87 4512 297 4594 Hieronymus
311 4511 444 4594 quisquis
456 4508 575 4590 aliquia
601 4510 644 4570 ita
667 4508 755 4590 sarit,
772 4517 805 4570 ut
853 4510 949 4574 habes
962 4512 1001 4574 ad
1015 4512 1076 4574 tale
1090 4529 1176 4593 opus.
1195 4513 1225 4578 a.
1241 4512 1373 4593 denique
1392 4520 1508 4595 quanto
1524 4517 1638 4595 magis.

29 4603 165 4669 uidemur
194 4604 234 4668 ab
259 4602 435 4679 bominibus,
463 4602 571 4663 Scriba
584 4608 624 4662 est
644 4608 671 4662 et
692 4599 805 4664 Plari·
855 4609 1015 4682 peccatum
1029 4623 1101 4666 cum
1110 4604 1228 4682 justitia
1241 4613 1370 4685 pugnat,
1389 4607 1483 4686 idque
1498 4613 1623 4687 propter

27 4715 111 4775 raus,
129 4699 198 4762 ntoe
211 4696 284 4779 quial
296 4703 393 4771 erant,
416 4714 544 4776 quaram
558 4693 611 4756 aaa
629 4693 693 4774 fere
716 4714 806 4754 anam
854 4692 1006 4756 damnum
1018 4693 1113 4758 tertii.
1129 4695 1269 4773 Laymau
1283 4693 1336 4758 lib.
1351 4697 1381 4760 i.
1394 4703 1481 4760 tract.
1497 4700 1526 4759 3.
1536 4716 1562 4760 c.
1572 4699 1621 4760 13.

26 4795 244 4872 estnepotiam,
262 4797 294 4853 ut
309 4789 378 4852 bene
392 4786 558 4860 uideantur,
574 4806 608 4847 ae
616 4785 761 4867 placeant,
778 4792 806 4846 et
860 4783 941 4849 Linde
955 4785 1075 4846 resolues
1085 4783 1134 4846 lios
1148 4784 1238 4848 enas
1255 4805 1262 4850 ι
1367 4780 1370 4787 ’

27 4891 174 4961 quantum
191 4882 269 4962 ipra
278 4888 397 4963 possunt
411 4897 496 4959 opere
512 4878 573 4959 ipso
587 4883 731 4952 moveant,
744 4877 804 4938 illi·
897 4879 917 4908 “
942 4879 967 4937 I.
991 4879 1057 4938 Hoc
1076 4879 1168 4938 modo
1189 4878 1270 4939 licite
1293 4879 1491 4941 materialiter
1512 4900 1622 4962 coope-

26 4975 117 5052 riant,
134 4973 309 5054 impellant,
325 4981 352 5036 et
366 4969 601 5050 sictrinmplient
612 4967 627 5030 l
636 4971 802 5051 Necjaaat,
854 4973 942 5032 ratur
962 4988 1073 5049 sponsa
1093 4971 1279 5032 contrahens
1294 4989 1367 5034 cum
1389 4987 1512 5054 sponso,
1529 4992 1623 5053 quem

26 5065 257 5134 umescuscnt
270 5065 338 5132 aliae
352 5083 407 5144 per
425 5063 509 5140 alias,
531 5063 673 5140 dicando,
689 5063 759 5140 ista,
775 5069 807 5124 et
855 5061 911 5122 scit
934 5064 1166 5124 Sacramentum
1190 5062 1326 5143 accipere
1344 5064 1378 5124 in
1404 5071 1529 5144 peccato
1541 5085 1623 5131 mor-

24 5155 81 5225 aa
94 5160 191 5224 iacit:
210 5177 280 5222 nam
293 5157 344 5220 hic
353 5157 540 5222 circuluscst
552 5155 806 5231 vitiosus,omnos
856 5153 920 5214 tali.
937 5153 1041 5218 Saisns
1054 5173 1127 5218 vero
1141 5173 1214 5218 eum
1225 5155 1453 5221 haberauotum
1463 5157 1620 5236 mannus,

24 5257 124 5330 mim,
140 5269 219 5332 qum
232 5250 360 5321 iccium,
375 5247 408 5312 in
421 5247 570 5316 lioomale
583 5247 711 5313 iaciunt.
855 5251 961 5325 peccat
981 5246 1192 5310 conuehendo
1210 5265 1283 5312 cum
1301 5247 1379 5327 ipso,
1401 5249 1475 5328 quia
1493 5251 1531 5310 ad
1547 5269 1621 5314 con·

66 5345 104 5420 Q.
122 5347 179 5414 69.
199 5340 283 5417 (laid
306 5339 459 5406 elicearlam
479 5340 517 5404 sit
539 5339 718 5418 deseruistis,
744 5358 807 5420 qua
854 5343 989 5402 tractum
1007 5337 1148 5400 illicitum
1171 5340 1337 5404 concurrit.
1362 5342 1473 5420 Laym.
1496 5343 1518 5408 l.
1536 5360 1563 5408 c.
1585 5361 1623 5406 ex

20 5437 212 5516 permittunt
233 5433 281 5498 sai
302 5441 413 5508 tactus,
441 5432 485 5496 cal
504 5431 623 5498 osculat
637 5434 730 5511 Resp.
750 5433 805 5498 us·
858 5429 1004 5503 Sancbez,
1024 5429 1078 5492 lib.
1096 5433 1125 5490 7.
1141 5428 1323 5496 deblataim.
1340 5430 1370 5496 al.
1388 5435 1436 5499 ll.
1453 5451 1484 5500 n.
1500 5437 1548 5500 ll.

23 5527 112 5598 arian
135 5526 329 5607 permissos
357 5529 473 5596 uotam
506 5525 554 5588 sui
587 5524 636 5590 vel
666 5521 806 5590 amulum
899 5525 920 5556 ‘⁸
950 5523 989 5582 Il.
1016 5521 1113 5588 Licita
1136 5540 1262 5601 quoque
1287 5531 1358 5602 post
1385 5526 1621 5592 Matrimonium
1704 5604 1705 5608 Ἰ
