4200 6348
615 446 663 505 liE
683 443 790 506 nouis
811 443 977 506 ttulistis
999 445 1239 506 THEOLOGIAE.
1681 446 1718 503 ⁹23

418 711 544 774 elenu
568 713 620 774 lll.

189 873 309 936 Durata
321 873 440 955 aliquot
449 873 646 935 Romanorum
659 871 845 954 Pontificum.

504 1047 525 1102 l.

290 1184 438 1257 BULLA
464 1183 744 1258 suessonica

198 1361 475 1450 LEONIS
532 1361 740 1450 PAPAE
795 1361 838 1448 X

137 1539 231 1594 contra
247 1549 352 1592 errores
368 1535 486 1591 liauruu
509 1533 648 1598 insuram,
674 1539 700 1587 et
725 1531 898 1602 sequacium.

262 1707 369 1778 aso
423 1703 765 1791 nerseoeus

321 1883 443 1928 SERVUS
459 1879 635 1923 suetonum
651 1879 705 1920 DEI

228 2009 268 2070 ad
305 2011 488 2086 perpetuam
520 2002 565 2062 rai
604 2001 797 2062 memoriam.

169 2183 307 2260 Exsurge
335 2177 476 2250 Domine,
493 2181 523 2236 et
533 2174 636 2252 judica
656 2189 780 2233 cainam
798 2179 896 2247 tuam,

131 2292 249 2336 memor
264 2279 329 2334 esto
344 2269 607 2350 improperiorum
623 2273 759 2340 tamum,
778 2283 897 2340 aonam,

129 2387 197 2448 qrrae
210 2367 250 2426 ab
273 2362 490 2444 insipientibus
513 2359 593 2419 firrnt
612 2363 677 2417 totu
695 2357 745 2417 die
762 2375 769 2417 t
785 2358 900 2419 inclina

130 2479 238 2522 ararem
262 2465 351 2519 tuam
379 2455 418 2515 ad
444 2470 549 2534 preces
576 2455 716 2525 nostras3
753 2451 899 2528 quoniam

130 2541 898 2628 surrexeruntvulpesquerentesdemolirivineam,

101 2631 104 2636 ¹
129 2651 216 2730 cuijus
230 2653 265 2707 tu
283 2639 420 2705 torcular
440 2637 562 2700 calcasti
583 2636 676 2708 solus,
694 2641 724 2695 et
741 2635 902 2696 adscensu-

129 2759 181 2803 rus
194 2741 235 2802 ad
246 2739 380 2810 Patrem,
397 2733 464 2811 ejus
475 2729 749 2808 euram,regiman,
764 2733 794 2787 et
805 2729 902 2788 admi-

130 2835 343 2896 nistrationem
374 2827 463 2888 Petro
490 2829 641 2900 tanquam
669 2821 771 2900 capiti,
785 2823 826 2894 {et
845 2828 900 2882 tuo

131 2929 263 2998 Vicario,
279 2923 406 3002 ejusque
428 2915 652 2977 surmessoribus
670 2914 766 2972 instar
788 2915 899 2974 trium-

133 3019 253 3099 phantis
287 3012 430 3076 Ecclesiae
463 3005 654 3069 commisisti.
680 3003 899 3068 *Exterminare

950 629 1014 672 csse
1040 611 1078 672 acl
1103 613 1353 674 exercitationem
1373 613 1511 674 fidelium
1543 615 1578 672 tu
1608 611 1720 673 dixeris

951 710 1117 784 oportere,
1153 723 1204 767 eus
1242 711 1371 780 tamen,
1413 725 1453 767 ne
1494 706 1720 766 incrementum

951 797 1110 877 arripiant,
1132 817 1209 859 nere
1224 799 1395 878 vulpeculae
1417 799 1588 859 coalescant
1606 799 1719 877 inipso

951 895 1042 964 ortu,
1069 889 1314 951 teiuterdicente
1349 899 1379 952 ct
1419 891 1585 970 adjurante
1620 889 1720 950 extin-

951 981 1004 1058 gui
1031 1001 1151 1043 necesse
1180 989 1235 1042 cst.
1273 985 1424 1062 Exsurget
1458 983 1590 1062 denique
1621 982 1721 1042 omnis

951 1081 1128 1135 sanctorum
1151 1093 1185 1135 aa
1209 1075 1328 1154 reliqua
1356 1075 1537 1136 unirersalis
1563 1073 1717 1135 Ecclesia:

951 1167 1037 1245 rtrrjus
1056 1187 1129 1228 vera
1153 1185 1309 1228 sacrarum
1333 1169 1516 1228 Litterarum
1540 1167 1721 1246 interpreta-

949 1259 1034 1321 tione
1058 1261 1240 1340 posthabita,
1264 1261 1402 1340 quidam,
1428 1279 1562 1340 quorum
1582 1265 1720 1320 ruentem

949 1358 1037 1432 pater
1058 1353 1209 1412 mendacii
1232 1353 1407 1426 exc-cecavit,
1425 1373 1462 1413 cx
1481 1353 1577 1413 veteri
1598 1351 1721 1413 haereti·

950 1462 1057 1505 corum
1079 1445 1218 1504 instituio
1241 1445 1324 1524 apud
1353 1447 1531 1524 semetipsos
1556 1445 1717 1524 sapientes,

950 1537 1121 1616 Scripturas
1136 1538 1259 1598 easdem
1270 1537 1368 1613 aliter,
1385 1555 1480 1616 quam
1493 1539 1623 1617 Spiritus
1633 1555 1718 1598 sane-

949 1635 1000 1689 tus
1015 1630 1141 1708 ilogitet,
1159 1631 1283 1710 proprio
1298 1631 1448 1690 duntaxat
1462 1649 1565 1706 sensu,
1581 1629 1721 1690 ambitio

950 1723 1009 1798 nis,
1026 1741 1170 1802 auraeque
1185 1723 1340 1804 popularis
1351 1729 1550 1798 carrssa,teste
1561 1723 1718 1802 apostolo,

949 1810 1203 1892 interpretantur.
1221 1812 1282 1877 imo
1297 1831 1370 1872 vero
1384 1817 1539 1890 torquent,
1556 1817 1587 1872 et
1600 1811 1719 1872 adulte-

949 1909 1038 1979 rant3
1055 1905 1099 1964 ita
1114 1911 1147 1965 ut
1157 1907 1245 1984 juxta
1271 1905 1510 1984 Hieronymum,
1523 1903 1589 1982 jam
1603 1905 1721 1965 nonsit

950 1997 1151 2076 Evangelium
1181 1997 1300 2072 Christi,
1326 1999 1379 2057 sed
1402 1997 1538 2058 hominis
1561 2002 1614 2056 aut
1637 1997 1720 2076 quod

950 2089 1037 2166 pejus
1050 2095 1105 2164 est,
1118 2090 1241 2150 diaboli.
1259 2093 1420 2168 Exsurget,
1438 2091 1577 2168 inquam,
1594 2089 1720 2168 praefata

949 2181 1081 2241 Ecclesia
1099 2187 1202 2243 sancta
1224 2183 1288 2258 lici,
1309 2189 1338 2243 et
1357 2198 1420 2242 rina
1442 2201 1513 2242 caum
1535 2181 1720 2242 beatissimis

949 2273 1093 2351 apostolis
1107 2275 1250 2354 praefatis,
1268 2275 1350 2354 apud
1364 2274 1462 2334 Deum
1475 2273 1719 2353 omnipotentem

949 2364 1127 2439 intercedat,
1145 2373 1179 2427 ut
1193 2367 1330 2446 purgatis
1343 2367 1448 2426 arrium
1462 2383 1589 2426 suarum
1604 2367 1719 2426 errori-

950 2457 1018 2533 lrus,
1039 2458 1265 2539 diminutisque
1285 2479 1304 2520 a
1327 2459 1465 2518 fidelium
1488 2458 1601 2518 finibus
1622 2459 1719 2518 haare-

950 2551 1034 2610 silurs
1047 2551 1209 2628 universis,
1227 2551 1365 2612 Ecclesiae
1381 2569 1444 2612 suaa
1469 2557 1580 2612 sanetae
1598 2570 1717 2630 pacem.

950 2647 980 2702 et
1010 2644 1160 2703 unitatem
1192 2661 1371 2704 conservare
1404 2645 1559 2721 dignetur.
1597 2643 1719 2704 Dudum

949 2735 1113 2814 siquidem,
1130 2737 1388 2816 qrrodpraeanimi
1398 2738 1540 2814 augentia
1550 2741 1720 2797 etmmrore

950 2828 1122 2906 exprimere
1158 2829 1211 2888 vix
1252 2846 1426 2907 possumus,
1463 2827 1523 2888 fide
1553 2829 1718 2907 dignorum

948 2920 1059 2995 relatu,
1071 2940 1106 2981 ae
1121 2921 1202 2982 lama
1216 2921 1337 2999 publiea
1349 2919 1512 2997 referente,
1528 2921 1565 2981 ad
1578 2925 1719 2982 nostrum

949 3015 1089 3091 pervenit
1116 3013 1274 3080 auditum:
1305 3013 1475 3087 imovero,
1503 3013 1717 3092 prohdolor!

136 3111 239 3172 nititrrr
252 3125 320 3171 eam
333 3124 408 3187 aper
427 3103 465 3162 de
479 3101 565 3173 silva,
585 3104 616 3159 et
634 3097 798 3175 singularis
817 3097 900 3158 ierus
949 3105 1045 3165 oeulis
1065 3105 1178 3165 nostris
1191 3106 1325 3166 vidimus
1339 3124 1373 3165 ac
1396 3106 1528 3184 legimns
1547 3105 1673 3180 multos,
1690 3113 1720 3166 et

135 3205 397 3283 depascituream.
413 3197 550 3271 Exsurge
564 3191 663 3264 Petra,
680 3194 710 3249 et
730 3207 787 3268 pro
801 3195 900 3269 pasto
949 3202 1049 3257 varios
1076 3215 1205 3274 errores,
1231 3198 1380 3276 quosdam
1408 3197 1549 3258 videlieet
1571 3197 1635 3276 jam
1664 3217 1720 3276 per

137 3297 188 3356 rali
199 3315 273 3357 cura
287 3291 425 3373 praelata,
436 3287 502 3347 tihi.
519 3289 554 3344 ui
569 3281 741 3362 praefertur,
753 3283 899 3344 divinitus
949 3289 1086 3360 eoncilia,
1104 3309 1139 3350 ae
1155 3291 1414 3369 praedeeessonrm
1434 3296 1612 3350 nostrorum
1629 3309 1717 3350 roris-

52 3417 53 3439 κ
139 3389 322 3457 demandata,
339 3381 465 3443 intende
482 3379 514 3438 in
524 3393 648 3438 cerasum
664 3379 774 3434 sanotae
791 3375 900 3435 itoma-
947 3381 1106 3442 titutioues
1128 3383 1301 3458 damnatos,
1324 3383 1465 3442 haeresim
1487 3382 1580 3442 etiarm
1603 3383 1720 3442 Graeco-

56 3530 58 3539 .
142 3499 184 3542 ne
196 3479 344 3554 Ecclesiae,
360 3473 454 3535 matri
468 3469 612 3531 omnium
629 3466 842 3540 Ecclesiarum,
865 3486 900 3528 ac
948 3474 1719 3553 rum,etBohemicamexpressceontineutes:alios

55 3575 61 3655 i
143 3571 205 3632 ildei
224 3571 386 3648 magistrae,
411 3581 506 3644 quam
524 3567 569 3636 tu,
596 3560 725 3638 jubente
749 3561 822 3633 Deo,
844 3563 899 3620 tuo
948 3584 1021 3626 vcro
1044 3567 1210 3645 respective
1224 3568 1273 3627 vel
1296 3566 1466 3637 hereticos,
1483 3566 1532 3626 vel
1552 3566 1653 3640 falsos,
1669 3567 1718 3627 rol

145 3665 279 3744 sangiune
302 3657 485 3724 consecrasti
503 3657 628 3715 :contra
642 3668 748 3730 quam,
768 3652 845 3711 sicut
864 3657 899 3712 tu
948 3659 1337 3739 scandalososrelpiarum
1353 3660 1474 3718 ararium
1487 3659 1718 3733 cilensivos,rel

148 3773 318 3836 premanere
341 3754 486 3831 diguatus
505 3765 547 3814 es.
573 3747 739 3822 insurgunt
761 3745 900 3820 magistri
948 3750 1134 3830 simplicium
1152 3753 1496 3824 mentiumseductiros,
1515 3751 1629 3812 afalsis
1646 3751 1718 3812 ildci

148 3851 301 3924 mendaces,
330 3843 562 3908 introducentes
585 3841 680 3897 sectas
707 3836 897 3914 perditionis,
949 3842 1126 3916 cultoribus,
1152 3845 1205 3922 qui
1238 3862 1293 3922 per
1320 3844 1485 3924 superbam
1511 3844 1716 3904 curiositatem

151 3929 899 4010 sibicelereminteritumsuperducentes:paronam
949 3936 1057 3995 meandi
1085 3935 1217 4013 gloriam
1245 3936 1418 4014 cupientes,
1448 3940 1555 3994 contra
1580 3935 1718 4014 Apostoli

151 4033 240 4114 linqua
262 4033 340 4114 ignis
366 4035 423 4103 est,
448 4025 622 4105 inquietum
650 4021 777 4085 malum.
808 4021 899 4100 plena
948 4028 1119 4088 doctrinam
1131 4027 1313 4106 plussapere
1323 4029 1442 4102 volrrnt,
1454 4031 1715 4106 qrramoporteat;
1776 4085 1778 4088 .

154 4145 250 4188 veneno
266 4123 422 4187 mortifero
436 4137 443 4178 τ
456 4117 619 4197 quizelum
634 4112 899 4173 amarumlrabcn-
948 4138 1081 4198 (priorum
1110 4120 1282 4196 garrulitas,
1308 4126 1342 4179 ut
1368 4121 1467 4198 inquit
1497 4120 1716 4196 Hieronymus,

153 4221 198 4293 tes,
210 4227 235 4281 et
247 4216 458 4282 contentiones
472 4211 504 4270 in
517 4207 660 4269 cordibus
675 4205 897 4283 suis‚glorian-
948 4212 1024 4272 siout
1045 4213 1274 4291 scripturarum
1296 4213 1477 4272 auctoritate
1502 4229 1565 4270 nou
1588 4211 1718 4272 haberet

153 4315 201 4388 tur,
226 4319 252 4374 et
273 4309 437 4373 mendaces
456 4307 530 4364 suut
553 4301 699 4360 adversus
724 4297 896 4359 veritatem.
947 4305 1052 4373 iidem,
1074 4305 1132 4365 nisi
1156 4305 1334 4366 viderentur
1354 4321 1530 4384 perversam
1545 4304 1717 4364 doctrinam

156 4403 275 4484 Emnrge,
291 4411 326 4463 tu
349 4415 486 4480 quoque,
510 4409 697 4472 quaesumus,
724 4391 827 4466 Paule,
845 4392 899 4470 qui
947 4397 1041 4458 etiam
1062 4396 1174 4456 divinis
1196 4399 1388 4468 testimoniis,
1410 4396 1491 4456 male
1504 4402 1610 4456 tamen
1624 4397 1717 4457 inier-

157 4494 405 4557 eamtuadootrina
416 4509 451 4550 ac
464 4487 532 4568 pari
541 4485 691 4562 martyrio
706 4483 897 4558 illuminasti,
947 4490 1083 4568 pretatis,
1092 4491 1256 4564 1·oborare;
1273 4508 1433 4569 aquosum
1448 4488 1542 4552 oculis
1557 4489 1612 4549 liei
1624 4489 1718 4550 timor

158 4593 226 4668 usqam
237 4585 400 4649 illustrasti.
417 4583 486 4642 Jam
501 4578 585 4639 enirn
600 4575 698 4654 surgit
710 4593 809 4635 nortis
821 4576 898 4636 Por·
946 4583 1079 4654 recessit,
1105 4583 1234 4642 humani
1264 4583 1384 4661 generis
1411 4583 1499 4642 hoste
1521 4587 1714 4660 suggerente,

160 4669 602 4760 phyrias':quiasicutilleolim
616 4673 736 4727 sanctos
746 4669 899 4746 apostolos
947 4678 1067 4735 nocitor
1095 4675 1263 4751 suscitatas,
1280 4680 1311 4735 at
1338 4693 1438 4753 nuper
1466 4674 1547 4753 apud
1567 4675 1716 4753 quosdam
1786 4711 1792 4722 .

160 4771 243 4850 injuste
262 4767 440 4842 momordit,
464 4763 508 4824 ita
525 4762 576 4823 uic
598 4765 718 4820 sanctos
740 4757 900 4838 pontiileas
945 4766 1077 4828 leviores
1091 4769 1124 4827 in
1137 4767 1251 4846 inclyta
1267 4767 1392 4828 natione
1416 4765 1597 4826 Germanica
1621 4767 1715 4827 semi-

161 4865 364 4942 predecessores
373 4863 496 4919 nostros
506 4858 613 4916 contra
627 4859 714 4912 tuam
728 4852 899 4912 doctrinam
947 4863 1045 4919 natos.
1063 4861 1151 4932 erod
1174 4877 1209 4920 eo
1224 4860 1322 4935 magis
1340 4858 1480 4918 dolemus
1503 4857 1546 4918 ihi
1566 4859 1712 4931 evenisse,

162 4951 460 5022 eunonolrseorando,
472 4948 526 5008 sed
535 4945 896 5024 increpandmmordcrc.
947 4952 1029 5029 quod
1044 4951 1174 5011 eandem
1195 4952 1354 5011 nationem
1374 4955 1405 5009 et
1418 4967 1487 5024 noe,
1503 4953 1533 5008 ct
1548 4951 1715 5028 praedeces-

163 5045 273 5118 laacrma,
289 5067 324 5108 ac
337 5045 394 5106 ubi
404 5059 517 5103 caussoe
532 5057 596 5100 sum
610 5037 732 5110 diffidit,
746 5038 783 5098 ad
797 5038 900 5096 couvi·
947 5061 1030 5102 sores
1046 5044 1154 5118 nostri,
1171 5043 1203 5102 in
1216 5043 1383 5102 visceribus
1397 5059 1518 5120 semper
1532 5043 1716 5119 gesserimus

165 5140 531 5202 cuaccederenonveretur
548 5153 555 5192 :
571 5130 895 5196 moreluereticorum
947 5135 1111 5195 eharitatis.
1128 5137 1206 5196 Nam
1221 5141 1289 5215 post
1308 5134 1492 5195 translatum
1511 5151 1548 5193 ox
1571 5135 1684 5194 Graecis
1698 5151 1716 5194 a

167 5247 276 5308 quorum,
303 5237 339 5292 ut
362 5227 467 5308 inquit
498 5227 717 5303 Hieronymus,
752 5221 898 5282 ultimum
948 5227 1087 5287 Romana
1102 5227 1231 5288 Ecclesia
1245 5229 1278 5287 in
1296 5227 1420 5287 eosdem
1434 5227 1604 5286 Germanos
1621 5227 1717 5304 impe·
2063 5247 2064 5306 p

169 5324 311 5397 presidium
320 5328 375 5397 est,
391 5337 464 5381 oum
476 5317 663 5396 conspiciant
677 5333 797 5376 earrssas
810 5315 897 5374 dam·
947 5320 1040 5385 rium.
1065 5321 1159 5380 iidem
1186 5321 1423 5400 praedecessores
1451 5318 1557 5384 nostri,
1589 5323 1619 5376 at
1646 5335 1713 5393 nos,

171 5419 250 5474 mtrem
271 5417 317 5490 iri,
337 5413 486 5491 incipiant
507 5411 591 5469 virus
619 5409 767 5488 serpentis
793 5407 899 5485 lingum
947 5411 1084 5488 eJusdem
1109 5413 1250 5473 Ecclesiae
1280 5411 1452 5483 advocatae,
1482 5408 1715 5488 defensoresque

175 5501 319 5582 tilrrndere,
333 5511 363 5566 et
385 5521 455 5565 eum
470 5519 500 5562 se
522 5503 617 5562 victos
639 5499 838 5579 conspiciant,
860 5500 899 5559 ad
948 5504 1038 5562 exeis
1051 5521 1173 5581 semper
1186 5504 1358 5583 accepimus
1380 5517 1480 5579 :quos
1493 5499 1619 5578 qrridem
1640 5503 1714 5562 Ger·

179 5599 337 5658 matrimelias
368 5596 516 5676 prosilire.
554 5596 632 5654 Num
667 5593 737 5652 licet
769 5593 900 5651 hareses
949 5613 1055 5653 meinos
1082 5595 1242 5654 Gartlroliea
1270 5594 1406 5652 veritaris
1432 5607 1503 5650 rere
1533 5593 1713 5658 Germanos.

2060 5863 2064 5981 i

1902 6155 2064 6310 -l
