4200 6348
601 427 652 490 DE
672 427 777 490 LOCIS
798 424 965 490 Moenus
986 421 1225 486 THEOLOGIAE.
1666 419 1704 478 53

88 598 90 607 '
178 592 268 656 XIIII.
281 593 321 656 In
334 599 423 657 statu
438 594 558 676 passivo
575 599 758 658 exercentur
778 611 886 656 omnes
937 591 1099 672 quaeipsis
1122 587 1325 670 presentibus
1345 587 1523 663 haberetur,
1552 587 1577 648 si
1604 586 1705 648 iurent

145 687 245 750 virute
260 687 426 766 distincta,
441 706 507 749 non
526 688 700 767 cogitando,
718 688 802 768 quod
825 687 887 748 sint
936 682 1144 748 extabitavel
1157 687 1298 743 ostensae.

142 780 460 861 ritutu.1nquohbet
475 781 635 843 momento
652 781 737 842 aliud
755 798 820 841 non
834 797 885 841 co·
976 776 1090 838 Datum
1105 777 1209 837 Roma
1219 774 1299 854 apud
1314 773 1458 834 Sanctum
1468 770 1600 834 Mariam
1613 769 1706 848 blajo·

82 867 84 877 ’
137 875 243 956 giutur,
258 891 351 954 quam
363 873 466 935 Iacere
475 873 517 949 id,
536 873 621 954 quod
635 875 716 935 Dens
726 873 803 950 vult,
818 890 885 934 am·
935 887 1003 932 rem
1017 867 1199 930 suhanunlo
1210 866 1371 928 Piscatoris
1380 865 1430 926 die
1442 866 1491 925 12.
1502 862 1604 924 Martii
1614 863 1703 923 lese.

136 967 205 1047 plius
215 973 242 1028 et
253 985 338 1028 arnor
351 967 518 1046 Zelotypus
532 965 624 1027 simul
638 966 741 1038 efficit,
762 983 803 1026 nc
817 965 886 1045 quis
936 962 1132 1024 Pontificatus
1145 959 1242 1021 nostri
1256 977 1338 1021 anno
1352 963 1470 1020 octauo.

133 1058 182 1120 sibi
194 1059 334 1121 virtutem
347 1059 435 1136 velit,
449 1075 659 1138 necunquam
680 1059 719 1119 sit
731 1057 808 1119 adeo
826 1057 887 1118 rir-

132 1157 187 1214 tute
210 1153 363 1233 preditus,
393 1169 488 1232 quam
521 1168 594 1212 eum
619 1150 726 1212 virtuti
753 1149 886 1230 amplius

127 1245 303 1308 affixusnon
317 1250 374 1307 est.

72 1362 75 1411 ;
161 1339 245 1400 XIX.
263 1337 368 1400 Potest
378 1335 437 1398 diei
450 1337 485 1396 in
493 1336 553 1397 hoo
566 1353 669 1414 semu,
684 1335 767 1417 quod
781 1335 885 1397 anima

72 1428 77 1469 '¹
123 1430 245 1510 passiva,
261 1435 292 1492 et
304 1430 542 1505 disinteressnta,
557 1447 615 1490 nec
627 1429 731 1508 ipsum
745 1446 884 1490 amorem

72 1536 74 1589 t
122 1521 185 1583 vult
205 1523 347 1604 amplius,
368 1527 520 1602 quatenus
543 1526 588 1582 est
602 1539 658 1582 sua
678 1519 832 1600 perfectio,
854 1525 885 1583 et

71 1591 80 1717 f
121 1631 173 1676 sua
185 1615 332 1692 foelicitas,
346 1614 671 1693 sedsolumquatenus
683 1618 729 1674 est
742 1613 784 1687 id,
801 1613 885 1693 quod
936 1615 1250 1702 CLEMENTIS
1275 1616 1327 1700 D,
1358 1616 1406 1699 p·
1436 1613 1594 1698 PAPAE
1620 1611 1694 1698 XI·

72 1722 76 1751 ’-
123 1707 197 1769 Deus
210 1727 229 1769 a
242 1708 332 1770 nobis
342 1707 420 1768 vult.

73 1808 80 1897 1
156 1802 230 1862 XX.
246 1801 280 1861 In
289 1799 465 1864 confitendo
480 1799 594 1861 debent
608 1799 721 1860 anhnae
736 1798 884 1860 transtor-

75 1910 77 1974 ζ
124 1897 208 1954 matre
219 1912 271 1954 sua
281 1899 407 1974 peccata
416 1892 571 1968 detestari,
580 1898 611 1954 et
620 1893 826 1954 condemnare
839 1911 881 1962 se,

76 1994 79 2051 t
127 1989 153 2046 ct
170 1986 337 2048 desiderare
353 1985 567 2048 remissionem
591 2001 720 2045 suorum
742 1991 883 2064 peceato-

77 2068 79 2151 ζ
128 2095 199 2155 rum,
213 2097 277 2143 nou
286 2082 323 2139 ut
332 2078 490 2159 propriam
502 2076 760 2158 purificationem,
773 2076 886 2138 etlibe

77 2156 81 2203 t
129 2171 276 2240 rationem,
288 2171 343 2232 sed
356 2179 478 2246 utrem,
493 2188 588 2250 quam
602 2169 805 2246 Deusvult,et
818 2169 886 2231 vult

78 2248 83 2331 l
133 2281 179 2322 nos
192 2263 265 2326 velle
278 2268 406 2344 propter
419 2280 508 2324 suam
521 2262 663 2342 gloriam.

1292 1215 1344 1275 XI.

1228 1403 1274 1460 SS.
1311 1403 1342 1458 u.
1379 1399 1410 1459 N.

974 1861 1135 1924 Damnatis
1150 1861 1373 1944 quamplurium
1394 1859 1637 1941 Propositionum
1653 1877 1704 1920 et-

932 1962 1099 2036 crrptaram
1114 1974 1151 2016 ac
1164 1955 1257 2018 Libro
1271 1953 1384 2017 Gallim
1403 1951 1542 2030 idiomate
1557 1952 1702 2032 r'mprmso,

933 2055 961 2108 et
985 2047 1016 2107 iu
1036 2047 1136 2128 pluras
1157 2047 1259 2109 Tomos
1279 2045 1438 2107 distributo
1460 2043 1513 2104 sub
1541 2043 1645 2103 titulo:
1665 2045 1705 2104 Lo

934 2141 1083 2201 Nouvenu
1105 2141 1282 2202 Testament
1311 2157 1351 2200 eu
1374 2137 1528 2214 Franqois,
1553 2155 1626 2196 arec
1652 2137 1706 2198 dos

934 2232 1099 2294 reflexions
1129 2233 1261 2294 morales
1289 2249 1342 2292 sur
1372 2231 1490 2310 ultaque
1518 2234 1629 2306 verset,
1645 2233 1703 2290 eto.

80 2334 85 2439 ξ
165 2355 245 2416 XXI.
265 2355 369 2418 Sancti
392 2355 513 2436 Mystici
537 2355 732 2416 excluserunt
758 2374 777 2416 a
803 2361 885 2418 statu
934 2324 1059 2387 Aparis
1089 2327 1177 2387 ¹⁶99·
1209 2325 1253 2386 -40
1274 2324 1417 2386 aliua...
1456 2322 1574 2400 Abrege
1604 2321 1642 2382 (1⁰
1676 2322 1706 2382 1³1

135 2446 290 2510 animarum
332 2447 620 2510 transformatam
654 2447 885 2512 exercitationes
934 2418 1049 2480 blorale
1062 2420 1099 2480 de
1111 2418 1288 2497 I'Evangile‚
1308 2417 1361 2478 des
1382 2417 1471 2477 botos
1492 2415 1545 2474 des
1563 2415 1704 2494 lipdtres,

136 2539 276 2602 ,mutum
337 2595 352 2624 Ο
933 2511 987 2572 des
1009 2513 1127 2592 Epitres
1147 2511 1184 2572 dc
1202 2511 1233 2572 S.
1255 2509 1340 2582 Paul,
1357 2509 1410 2569 dcs
1429 2509 1548 2587 Epitres
1569 2507 1704 2567 Canoni-

933 2621 1020 2684 qnes,
1043 2609 1073 2664 et
1097 2604 1135 2665 dc
1150 2602 1374 2682 l'Apoculypse,
1395 2619 1436 2660 ou
1464 2599 1591 2660 Pensecs
1613 2598 1705 2660 Chre

138 2732 202 2786 met
213 2745 294 2806 pum·
311 2731 343 2788 ep
356 2725 486 2805 simplex
500 2725 646 2806 perfectio
660 2725 884 2804 E„3n3„1icain
932 2697 1052 2758 tiennes
1066 2715 1119 2757 sur
1131 2696 1160 2757 le
1174 2696 1269 2756 Texta
1283 2695 1321 2755 dc
1332 2711 1381 2755 ces
1395 2692 1499 2754 Limes
1514 2693 1632 2768 Saurea,
1644 2697 1702 2752 cte.

139 2818 259 2880 invasa
265 2819 429 2880 traditione
436 2817 605 2898 designata,
617 2819 885 2898 antiquiPastores
933 2788 959 2850 Α
974 2788 1057 2850 pm
1072 2789 1149 2849 1693
1163 2793 1193 2848 οἵ
1209 2788 1296 2848 ¹6⁹⁴·

138 2927 189 2970 nou
210 2911 418 2992 proponebant
441 2912 555 2991 passim
573 2911 764 2972 multitudini
780 2911 883 2991 justo·
974 2903 1049 2968 Cum
1062 2903 1264 2986 prohibitione
1277 2901 1403 2984 ejusdcm
1420 2900 1519 2975 Libri,
1535 2907 1562 2962 et
1575 2900 1704 2962 aliorum

136 3018 203 3080 mm,
216 3004 273 3066 nisi
284 3003 430 3065 exercitia
450 3003 564 3064 amoris
586 3003 760 3065 interessati
775 3021 884 3064 eorum
932 3015 1179 3079 quorumcumque
1197 3001 1229 3056 iu
1247 2997 1309 3078 ejas
1322 2993 1515 3075 defensionem
1535 3001 1595 3056 tam
1610 2993 1704 3056 dacte-

96 3081 102 3203 ἲ
136 3096 223 3171 gutia
235 3095 477 3178 proportionata.
923 3089 1159 3163 materiatarum,
1176 3107 1264 3170 qaam
1279 3087 1312 3148 iu
1323 3092 1473 3169 posterum
1488 3084 1670 3148 edendorum.

99 3232 104 3241 .
167 3188 272 3250 XXIII.
299 3190 398 3250 Purus
419 3203 508 3248 amor
529 3187 595 3268 ipse
618 3187 701 3249 solus
726 3187 884 3249 constituit

138 3283 215 3341 totam
233 3281 325 3342 Vliflm
341 3280 533 3358 intormem,
549 3285 581 3341 eb
600 3286 674 3342 Illssss
692 3279 793 3342 evadit
812 3281 883 3342 uni-
1024 3313 1281 3388 CLEMENS
1312 3311 1620 3384 EPISCOPUS

136 3388 191 3433 aum
228 3373 444 3454 principium,
490 3377 521 3433 et
560 3373 688 3434 unicum
731 3372 884 3434 motivum

135 3465 255 3528 omnium
273 3471 410 3543 actuum,
437 3463 493 3544 qui
507 3463 668 3527 deliberati
690 3469 721 3526 et
734 3465 883 3526 meritorii

135 3561 200 3619 sunt.

107 3640 108 3679 ³
164 3649 223 3712 Non
234 3651 421 3714 intendImus
435 3659 541 3714 tamen
551 3670 608 3733 per
621 3668 798 3731 expressam
812 3651 884 3713 Pro·

132 3742 299 3818 positionum
312 3745 492 3824 hujusmodi
502 3743 763 3824 reprobationem,
779 3743 838 3804 alia
850 3745 883 3804 in

131 3833 222 3897 eodem
233 3837 311 3900 libro
321 3843 468 3900 contenta
480 3837 633 3899 ullatenus
645 3836 826 3917 approhare.
843 3837 884 3898 Ut

127 3932 216 3989 nutam
243 3931 359 3992 eaedem
386 3936 553 4012 presentes
587 3931 709 3991 litterae
738 3929 884 3990 omnibus

125 4018 228 4083 facilius
255 4024 461 4096 innotescant,
490 4040 547 4084 neo
572 4021 727 4102 quispiam
758 4019 883 4082 illarum
973 4024 1158 4105 Unigenitns
1176 4022 1230 4084 Dei
1247 4021 1330 4084 filius
1348 4039 1405 4101 pro
1426 4025 1542 4098 nostra,
1557 4027 1588 4082 et
1610 4022 1704 4084 totius

122 4111 427 4188 ignorantiamvaleat
436 4115 580 4193 allegare,
600 4114 745 4174 volumus
756 4112 881 4192 pariter,
932 4117 1043 4180 mundi
1056 4117 1154 4178 salute
1168 4114 1249 4176 tilius
1255 4113 1391 4176 hominis
1404 4113 1512 4188 faetus,
1521 4114 1596 4176 dum
1611 4115 1701 4178 disci·

121 4209 147 4266 et
157 4206 339 4268 authoritate
357 4206 484 4287 praeiata
499 4207 704 4279 decernimus,
720 4210 757 4266 ut
769 4203 830 4267 illae
844 4206 883 4267 ad
932 4210 1021 4290 pulos
1038 4227 1109 4270 suos
1123 4207 1264 4269 doctrina
1281 4206 1417 4268 veritatis
1434 4205 1612 4282 instruerat,
1631 4208 1702 4268 nni-

120 4296 220 4360 Valvas
248 4301 387 4362 Basilice
416 4299 568 4379 Principis
594 4299 825 4379 Apostolorum,
849 4317 884 4360 ao
931 4319 1113 4381 versamque
1151 4299 1317 4360 Ecclesiam
1356 4315 1445 4359 suam
1479 4299 1512 4358 in
1550 4298 1704 4379 Apostolis

119 4389 305 4454 &ncehariae
319 4391 503 4472 Apostolicm
516 4411 524 4469 ;
538 4409 662 4453 neenon
676 4391 775 4452 Curiae
788 4391 885 4452 Gene-
932 4395 1077 4470 emidiret,
1094 4391 1258 4474 praesentia
1278 4392 1453 4472 disponens,
1469 4395 1501 4451 et
1513 4391 1617 4452 lutura
1630 4411 1702 4472 pro·

116 4481 183 4544 ralis
194 4485 229 4546 in
242 4485 349 4547 Monte
364 4485 491 4562 Citerio,
507 4489 538 4546 et
553 4483 669 4546 indole
689 4483 796 4563 Campi
810 4483 882 4544 llo·
931 4487 1073 4567 spiciens,
1087 4485 1236 4566 preclaro
1251 4503 1286 4545 ac
1300 4483 1503 4544 saluberrimo
1515 4483 1702 4547 documento

116 4591 155 4636 re
180 4577 218 4639 de
246 4577 349 4653 Urbe,
379 4595 435 4659 per
467 4577 602 4657 aliquem
629 4595 668 4637 ex
702 4575 882 4638 cursoribus
931 4597 989 4640 nos
1002 4579 1174 4655 admonuit,
1195 4582 1230 4638 ut
1243 4576 1473 4638 attenderemus
1490 4593 1510 4635 a
1528 4573 1611 4637 falsis
1625 4575 1701 4638 Pro-

116 4669 233 4738 metris,
250 4675 287 4731 nt
296 4671 391 4731 moris
404 4675 460 4744 est,
477 4669 682 4750 puhlIcentur,
699 4667 883 4748 illarumque
931 4670 1041 4752 phetis,
1065 4671 1118 4750 qui
1146 4670 1276 4730 veniunt
1303 4668 1341 4730 ad
1368 4686 1426 4730 nos
1456 4667 1489 4728 in
1511 4667 1702 4732 vestImeutis

116 4762 255 4840 exempla
265 4761 380 4823 ibidem
393 4761 486 4824 affixa
497 4761 724 4842 relinquantur,
735 4759 778 4822 ita
791 4766 828 4821 nt
840 4759 883 4822 sie
931 4765 1053 4839 ovium;
1065 4780 1199 4843 quorum
1212 4761 1340 4822 nomine
1354 4761 1549 4840 potissimum
1560 4761 1701 4825 demone

117 4850 289 4929 publicatas,
311 4872 419 4916 omnes
439 4860 470 4915 et
491 4855 639 4934 singulos,
660 4871 738 4933 quos
756 4870 882 4915 coneer·
931 4861 1053 4918 trantur
1075 4855 1210 4934 Magistri
1231 4852 1277 4914 illi
1296 4854 1469 4929 mendaces,
1485 4858 1517 4914 et
1535 4853 1570 4914 in
1590 4854 1699 4936 deeep-

119 4945 535 5023 nunt,perindeafficiant,nc
546 4944 882 5024 siunicuiqueillorum
931 4949 1015 5010 tione
1035 4948 1185 5023 illusores,
1206 4947 1260 5027 quii
1278 4946 1439 5026 splendida
1458 4946 1580 5025 pietatis
1599 4949 1700 5028 speeie

121 5036 318 5108 personaliter
329 5037 492 5098 notificata
508 5042 539 5100 et
557 5038 707 5100 lntimate
725 5037 878 5099 subsunt:
929 5059 1025 5121 prava
1035 5040 1180 5120 dogmata
1191 5039 1322 5100 latenter
1340 5037 1542 5113 insinuantes,
1557 5039 1698 5102 introdu-

124 5119 222 5202 thue
231 5127 367 5206 ipsarum
386 5130 584 5209 praesentium
599 5130 785 5191 Litterarum
797 5134 882 5190 tran-
930 5138 1006 5194 eurrt
1013 5139 1109 5194 sectas
1117 5130 1362 5213 perditionissub
1371 5131 1506 5209 imagine
1514 5132 1696 5206 Sanctitatis3

128 5217 264 5294 sumptis,
278 5235 329 5280 seu
338 5221 483 5300 exemplis
492 5223 584 5282 etiam
603 5221 769 5301 impressis,
785 5239 881 5283 manu
931 5229 1028 5304 uupue
1045 5225 1162 5286 facilius
1176 5224 1307 5285 incautis
1322 5223 1482 5302 obrepant,
1499 5224 1587 5301 quasi
1604 5225 1698 5304 depo·

121 5301 255 5383 ’alicuius
266 5310 377 5372 Notarii
390 5313 505 5392 publici
522 5314 712 5394 subscriptis,
735 5319 765 5374 et
781 5315 881 5394 sigillo
930 5322 1039 5378 nentes
1058 5317 1199 5397 lupinam
1217 5315 1339 5395 pellem,
1356 5321 1387 5376 et
1407 5333 1472 5375 sese
1491 5313 1603 5375 divium
1622 5315 1698 5395 legis

138 5405 271 5468 personae
282 5401 314 5462 in
325 5403 523 5466 Ecclesiastica
538 5406 689 5484 Dignitate
709 5408 882 5468 constitutus
931 5409 1101 5482 sententiis,
1113 5409 1198 5470 velut
1211 5407 1394 5488 quibusdum
1411 5406 1517 5466 culum
1534 5405 1698 5469 velleribus

145 5488 276 5564 munitis,
287 5494 384 5554 eadem
397 5513 519 5574 prorsus
532 5498 605 5559 fides
617 5503 681 5559 tarn
699 5500 732 5559 in
750 5499 881 5579 J'udicio,
932 5500 1140 5574 obvolventes,
1160 5501 1342 5562 Sanctarum
1357 5498 1597 5576 sculpturarum,
1608 5499 1698 5562 adeo-

167 2633 260 2695 XXII.
267 2633 482 2708 Quamvisnaeo
491 2633 631 2696 doctriua
642 2631 766 2714 (dapum
776 2633 884 2713 amore)

1113 3531 1235 3576 SERVUS
1256 3531 1433 3576 sauvouum
1455 3529 1521 3574 DEI.

933 3713 1090 3779 Universis
1101 3711 1211 3774 Christi
1225 3709 1368 3773 fidelihus
1383 3709 1525 3782 salutern,
1538 3715 1568 3772 et
1577 3710 1703 3791 Aposto-

1132 3804 1224 3866 lieam
1240 3802 1502 3866 henedictionem.

121 5620 123 5675 p
153 5587 240 5646 quam
261 5587 336 5642 extra
354 5585 427 5645 illud
445 5587 558 5666 ubique
573 5589 711 5651 locorum
738 5591 881 5667 hahetur,
933 5610 992 5670 qua
1006 5591 1099 5652 etiam
1113 5593 1208 5671 ipsius
1221 5592 1298 5652 Novi
1309 5589 1495 5650 Testamenti
1508 5589 1619 5658 veritis,
1628 5609 1697 5670 quar

120 5724 122 5741 t

119 5744 122 5777 i
