3946 6344
322 373 381 434 oss
959 372 1010 434 DE
1029 369 1260 437 antelmus.

319 559 421 621 neque
433 546 539 604 mmen
552 539 692 604 terminis
709 539 781 602 ullis
800 539 1002 602 diuationnm
1015 539 1089 602 dali-
1136 537 1277 614 illiciam,
1291 541 1393 602 omnis
1407 541 1552 605 motionis
1563 542 1876 607 terminusomuisdesi-

318 633 425 710 niaris,
441 634 492 695 sed
508 633 542 696 in
554 639 713 696 momento
727 651 834 694 renim
848 633 1087 713 preteritarum,
1138 631 1214 692 derii
1228 635 1465 698 consummatio.
1494 635 1788 714 Magnificentimimo
1803 639 1875 717 Deus,

319 727 530 806 presentium,
555 732 586 788 et
602 725 790 803 futurarum,
805 743 909 788 moras
934 731 1037 787 motus
1059 731 1090 787 et
1138 724 1172 786 in
1203 724 1320 788 ditione
1347 732 1402 788 trra
1428 727 1529 807 posita
1559 733 1634 790 sunt
1654 729 1758 790 omnia
1784 749 1791 790 :
1813 736 1843 791 tu
1856 749 1878 792 a

319 820 523 882 successiones
542 819 695 894 metiaris;
720 820 759 882 de
783 818 930 880 omnibus
946 818 995 880 his
1012 837 1091 898 gau·
1139 816 1290 880 Dominus
1312 819 1381 882 vitae
1403 825 1435 882 et
1455 821 1563 882 necis:
1585 821 1724 899 muller
1736 821 1799 898 tibi,
1818 824 1881 904 quod

319 911 388 987 dec,
416 929 480 975 non
504 913 608 974 minus
631 912 772 991 quamsi
793 910 996 992 perfectiones
1022 910 1091 972 illas
1139 909 1218 972 nihil
1233 912 1329 990 possit
1347 913 1488 976 resistere
1509 912 1664 977 voluntati
1676 919 1748 976 tua.

321 1013 423 1068 tecum
445 1005 673 1085 participarem.
696 1003 913 1066 Odelectabile
938 1009 1092 1084 spectacu-

319 1096 398 1173 lum,
414 1097 490 1160 dum
503 1096 697 1177 contemplor
705 1102 862 1160 creaturas
876 1113 984 1158 omncs
997 1096 1092 1158 etiam

319 1189 440 1252 ratione
461 1190 632 1263 destitutas,
647 1195 678 1252 et
690 1189 885 1252 insensibiles
898 1187 932 1250 in
952 1187 1093 1250 observa·
1180 1184 1298 1246 Amasti
1307 1202 1370 1262 me,
1381 1186 1473 1265 Deus,
1488 1192 1519 1250 te
1532 1193 1610 1262 toto,
1624 1207 1700 1252 nam
1711 1189 1817 1269 tuipse
1824 1195 1885 1252 utus
1900 1189 1932 1251 te

320 1281 437 1344 tionem
465 1283 594 1350 ordinis,
622 1300 717 1362 quem
739 1282 799 1342 illis
827 1287 943 1342 aterna
966 1281 1016 1342 lex
1039 1286 1093 1342 trra
1141 1294 1174 1338 es
1187 1278 1348 1352 amorille,
1363 1299 1426 1360 quo
1440 1299 1490 1342 mc
1504 1299 1605 1342 amas:
1621 1281 1886 1346 datsemibiomri·

319 1374 504 1454 prescripsit.
537 1380 625 1438 tanta
660 1375 834 1445 concordia,
866 1377 898 1434 et
933 1372 1093 1435 sedulitate
1142 1371 1278 1449 potentia
1298 1390 1418 1449 creans,
1444 1374 1655 1435 misericordia
1672 1374 1833 1452 redimens,
1850 1394 1887 1436 sa·

320 1467 508 1546 conspirare,
525 1473 560 1528 ut
573 1467 667 1530 etiam
681 1485 714 1530 se
728 1469 923 1538 consumant,
941 1483 982 1526 ne
995 1465 1093 1527 ullam
1142 1463 1260 1542 pientia
1304 1465 1461 1545 dirigens,
1506 1467 1704 1547 providentie
1750 1467 1887 1544 ordinans,

319 1560 479 1639 sapientie
516 1565 579 1622 tua
614 1560 848 1640 dispositionem
878 1557 1091 1638 perturbent:
1142 1554 1334 1620 immensitas
1357 1559 1574 1639 complectens,
1594 1560 1888 1634 mactitascxomrm,

320 1651 490 1714 decurrunt
502 1657 585 1716 astra
598 1670 655 1732 per
667 1653 758 1728 vices,
774 1650 943 1714 volvuntur
957 1650 1026 1712 coeli
1038 1667 1095 1730 per
1143 1648 1301 1710 aeternitas
1339 1649 1548 1714 immortalem
1588 1652 1743 1730 reddens,
1787 1653 1892 1714 menis

320 1763 425 1823 gyros,
441 1745 488 1806 sol
513 1751 544 1806 et
582 1744 658 1807 luna
680 1743 850 1806 observatis
871 1742 1041 1804 accessibus
1059 1761 1095 1805 ac
1142 1737 1332 1817 beatificans,
1362 1745 1496 1820 oDeus‚
1518 1749 1554 1806 tu
1575 1749 1660 1806 totus
1682 1761 1772 1807 meus
1794 1762 1834 1819 es,
1850 1745 1892 1805 sin

320 1836 490 1898 recessibus
515 1837 779 1916 circumaguntur,
799 1853 857 1896 nec
880 1835 1054 1915 inpuncto
1077 1855 1095 1897 a
1143 1836 1321 1896 totustuns.
1338 1834 1457 1898 Amasti
1475 1853 1538 1913 me,
1554 1837 1647 1913 llcus,
1671 1841 1737 1898 toto
1759 1838 1891 1904 universo,

321 1929 501 2009 praescripta
514 1930 624 1990 semita
637 1929 818 2001 deflectunt,
839 1933 875 1988 ιιι
889 1927 932 1988 sic
945 1933 1095 2007 perpetuo
1143 1939 1215 1986 cum
1234 1925 1298 1987 sole
1316 1927 1394 1989 mibi
1411 1927 1506 2005 luces,
1530 1946 1603 1991 cum
1617 1929 1691 2008 igne
1702 1947 1755 1990 mc
1768 1929 1892 2001 calefacis

320 2021 480 2100 sapientie
494 2028 557 2083 tuac
572 2020 819 2100 magnitudinem
832 2019 923 2084 nobis
945 2020 1095 2100 eloquan-
1143 2033 1217 2078 cum
1244 2023 1327 2080 terra
1354 2020 1497 2089 sustines,
1527 2039 1600 2082 cum
1627 2038 1698 2082 aere
1722 2020 1816 2094 foves,
1841 2038 1894 2082 mn

321 2123 405 2176 tur:
434 2112 568 2174 fulmina
595 2115 692 2192 ejecta
723 2131 755 2174 se
787 2111 967 2189 conficiunt,
996 2113 1096 2174 nubes
1144 2127 1226 2187 aqua
1239 2109 1352 2188 reficis,
1367 2129 1419 2174 me
1433 2111 1513 2176 mihi
1528 2131 1702 2189 conservas,
1723 2119 1761 2174 ιιι
1776 2114 1894 2188 mnium,

322 2204 503 2285 depluentcs
529 2224 561 2267 se
593 2207 674 2286 ipsas
700 2206 849 2286 perdunt.
881 2205 961 2283 ignis
985 2206 1097 2268 ardens
1144 2201 1327 2280 intelligam,
1346 2204 1453 2281 selim,
1473 2209 1509 2266 tu
1529 2205 1614 2267 idem
1627 2204 1719 2268 facis:
1735 2211 1896 2280 etcurtc,o

322 2304 420 2360 semet
447 2298 582 2378 perimit,
612 2316 665 2360 aer
691 2297 840 2373 difflatur,
864 2302 947 2358 terra
974 2297 1095 2376 fatiscit,
1145 2295 1237 2368 Deus,
1252 2294 1301 2356 bis
1314 2297 1460 2360 omnibus
1473 2315 1539 2360 non
1555 2297 1898 2360 redamem‘limotchis

323 2407 416 2469 rupes
431 2390 653 2467 dissolvuntur,
669 2389 823 2452 elementa
838 2394 1095 2467 transmutantur,
1144 2387 1291 2449 omnibus
1318 2389 1464 2466 reclamo,
1488 2409 1591 2470 neque
1617 2396 1759 2452 creatura
1784 2391 1843 2452 ula
1861 2389 1897 2452 rel

324 2487 360 2544 ut
372 2483 511 2563 imperiis
523 2487 586 2544 tuis
601 2483 815 2562 obtemperent
833 2502 841 2544 t
860 2481 1045 2544 Benedictus
1057 2484 1098 2544 sis
1144 2481 1283 2558 potentia
1299 2481 1344 2542 uti
1368 2482 1450 2560 volo,
1478 2482 1538 2544 nisi
1556 2488 1683 2563 propter
1704 2489 1735 2544 te
1753 2487 1789 2544 ut
1807 2501 1897 2562 agnos

324 2577 405 2636 Deus
427 2575 461 2636 in
483 2575 862 2648 thronollivinitatistuae‚
892 2575 966 2654 quia
992 2575 1098 2638 omnia
1145 2571 1234 2644 caris,
1257 2572 1403 2651 lauderis,
1428 2574 1555 2648 ameris,
1576 2575 1610 2636 in
1623 2575 1782 2650 omnibus,
1797 2575 1898 2636 abom-

324 2668 366 2730 ita
380 2667 502 2730 fortiter
516 2667 666 2748 disponis,
690 2667 825 2730 suaviter
842 2667 1009 2746 gubernm
1030 2667 1096 2728 inc·
1144 2663 1237 2725 nibus
1250 2669 1351 2745 etper
1365 2666 1482 2728 omnia.
1501 2666 1620 2730 Amasti
1637 2685 1702 2741 me,
1723 2669 1901 2746 neusmuper
1961 2737 1962 2750 χ

323 2759 521 2822 narrabilitar
543 2761 713 2840 dispensas.
730 2762 776 2822 Da
796 2760 937 2835 Domine,
954 2765 990 2820 ιιι
1012 2777 1097 2820 com·
1146 2756 1264 2833 omnia,
1279 2775 1372 2837 super
1388 2757 1617 2837 Angelos,nam
1629 2759 1782 2820 redimisti
1793 2775 1901 2820 menon
1962 2756 1963 2774 ¹

324 2853 527 2933 prebendam,
566 2869 636 2932 qua
675 2853 714 2914 sit
749 2852 922 2930 longitudo,
954 2850 1096 2928 latitudo,
1146 2846 1234 2922 illos;
1251 2856 1473 2930 superterram
1486 2856 1517 2914 ct
1530 2852 1696 2928 elementa,
1710 2859 1902 2932 quaepropter

323 2944 498 3006 sublimitas
519 2949 550 3006 et
564 2943 756 3025 probandum
775 2943 948 3006 Divinitatis
961 2949 1023 3006 tuae
1040 2965 1047 3004 :
1062 2949 1098 3006 tu
1146 2957 1198 3002 me
1217 2941 1324 3018 fecisti,
1347 2961 1440 3022 super
1460 2943 1554 3006 coelos
1569 2949 1601 3006 et
1621 2949 1705 3006 astra
1723 2963 1794 3024 que
1806 2944 1901 3024 produ·

323 3037 452 3117 pelagus
478 3036 639 3098 infinitum
667 3038 818 3113 essentiae,
844 3053 936 3098 omne
964 3054 1040 3109 esse,
1068 3043 1100 3100 et
1147 3032 1228 3107 xisti,
1249 3039 1285 3094 ut
1306 3035 1383 3096 mibi
1403 3036 1557 3098 serviant:
1574 3053 1668 3116 super
1685 3042 1902 3100 ceterasomues

324 3129 557 3192 omnebonum
570 3129 605 3192 in
623 3133 655 3192 te
669 3129 867 3204 concludens,
883 3134 914 3190 et
927 3128 966 3190 ab
981 3134 1098 3192 aeterno
1147 3131 1321 3202 creaturae,
1351 3145 1428 3206 qtras
1454 3145 1511 3208 pro
1546 3146 1597 3190 me
1630 3129 1809 3193 condidisti:
1841 3129 1902 3203 imo,

323 3221 498 3286 eminenter
532 3221 716 3300 anticipans,
749 3227 784 3284 tu
811 3221 954 3282 omnium
986 3221 1100 3300 princi·
1147 3218 1357 3280 amantissime
1377 3221 1463 3296 iesu,
1484 3221 1595 3282 amasti
1619 3238 1671 3284 me
1689 3221 1760 3301 plus
1773 3225 1901 3301 quamn,

324 3313 426 3392 pium,
441 3313 585 3374 omnium
594 3313 677 3390 finis,
688 3313 830 3375 omnium
843 3312 940 3385 locus,
957 3313 1098 3376 omnium
1147 3309 1222 3388 quia
1244 3327 1301 3390 pro
1322 3329 1374 3374 me
1401 3311 1511 3373 dedisti
1539 3313 1742 3392 sanginnem,
1770 3319 1802 3377 et
1825 3313 1903 3384 nun

325 3423 439 3479 aevum,
455 3405 598 3466 omnium
614 3405 780 3479 ordinatio,
796 3406 941 3466 omnium
955 3423 1100 3468 consum·
1147 3406 1255 3464 niam:
1279 3402 1391 3482 loquor
1413 3421 1486 3466 cum
1509 3410 1566 3466 tuo
1583 3405 1772 3485 Augustino:
1792 3403 1902 3468 dilexisti

326 3501 411 3558 mata
423 3495 564 3572 felicitas,
580 3499 705 3559 tullens
719 3497 835 3562 omniu.
852 3499 952 3572 Quam
965 3499 1097 3576 gaudeo,
1147 3511 1199 3556 me
1213 3495 1357 3572 Domine,
1376 3496 1447 3576 plus
1466 3515 1562 3576 quam
1576 3503 1617 3570 ῑθι
1633 3498 1708 3578 quia
1721 3499 1802 3562 mori
1814 3499 1903 3578 ditm·

325 3590 407 3656 Deus
424 3589 587 3664 immense,
601 3591 686 3669 quod
701 3595 733 3652 te
745 3590 878 3652 habeam
891 3589 1006 3670 ubique
1018 3608 1098 3670 prm·
1147 3590 1198 3648 tus
1209 3605 1242 3648 es
1255 3593 1382 3667 propter
1395 3607 1447 3650 me
1462 3609 1469 3649 :
1491 3589 1533 3650 oh
1550 3607 1616 3652 nou
1635 3591 1707 3667 sim,
1719 3591 1781 3654 nisi
1792 3596 1822 3653 te
1832 3607 1904 3670 super

325 3686 445 3744 sentam
467 3699 524 3761 per
544 3683 721 3754 essentiam,
741 3681 922 3761 potentiam,
945 3687 976 3744 et
989 3701 1098 3762 opera·
1148 3679 1377 3756 omniaamem,
1394 3681 1455 3747 nisi
1468 3688 1615 3744 amemte
1627 3683 1699 3764 plus
1712 3701 1808 3764 quam
1820 3687 1904 3756 mast

325 3773 443 3836 tionem
461 3793 468 3842 ι
485 3773 568 3853 quod
582 3774 705 3838 videam
719 3775 753 3836 iu
766 3775 913 3836 omnibus
927 3775 1016 3854 qrrasi
1030 3794 1100 3855 pro
1146 3777 1272 3851 paratus
1290 3772 1349 3836 sim
1374 3791 1478 3853 agere,
1502 3775 1578 3853 pati,
1599 3781 1631 3838 et
1644 3775 1728 3838 mori
1742 3781 1862 3856 proptor
1871 3781 1902 3836 tc.

325 3866 514 3942 micantsmt
542 3867 626 3948 quod
657 3867 789 3930 sentiam
815 3867 849 3928 in
881 3885 933 3930 ms
957 3872 1034 3941 toto,
1063 3887 1100 3932 ac
1146 3863 1279 3926 Renedic
1292 3881 1366 3941 ergo
1384 3865 1499 3930 Anima
1518 3883 1589 3928 mea
1604 3868 1751 3944 Domino,
1764 3867 1901 3940 atomuis,

324 3959 499 4039 prasertim
517 3959 661 4022 infundo
681 3959 794 4024 animm
815 3977 895 4025 mem
915 3960 1099 4024 amicissime
1147 3973 1217 4035 que
1244 3955 1336 4030 intra,
1349 3975 1400 4020 me
1428 3963 1512 4028 sunt,
1539 3959 1666 4023 Nomini
1701 3967 1809 4024 sancto
1832 3960 1902 4038 sst'sstt

325 4051 540 4130 conjunctum
556 4052 640 4132 apud
660 4057 691 4115 te
708 4069 815 4114 rerum
829 4053 973 4118 omnium
996 4059 1098 4114 muta-
1146 4047 1277 4112 benedic
1290 4049 1405 4112 Anima
1418 4067 1489 4112 mea
1503 4051 1650 4128 Domino,
1666 4057 1697 4113 et
1711 4051 1904 4116 nolioblivieci

324 4143 437 4206 biliam
459 4143 671 4206 immutabiles
688 4149 762 4207 sunt
781 4145 930 4218 rationes,
945 4156 981 4206 tu
1003 4147 1098 4208 semel
1147 4159 1256 4206 omnes
1270 4142 1491 4206 retributiones
1516 4144 1602 4222 ejus:
1622 4144 1797 4210 benedicite
1810 4145 1906 4226 pariter

325 4241 470 4311 aterum,
495 4252 619 4316 semper
643 4235 738 4314 idem,
762 4237 842 4300 nibil
865 4237 992 4312 amittis,
1019 4237 1098 4300 nibil
1147 4251 1270 4298 mecum
1282 4235 1669 4315 nominoomnasangeli,
1685 4237 1904 4316 etmchmgalt

325 4326 471 4406 acquiris,
499 4328 575 4406 quia
599 4345 655 4408 per
681 4329 846 4390 essentiam
872 4328 979 4404 habes,
1008 4333 1039 4390 et
1065 4347 1098 4391 es
1148 4343 1257 4388 omncs
1290 4326 1501 4407 Principatus.
1533 4333 1565 4392 ct
1592 4329 1781 4406 Potestatas;
1816 4345 1905 4393 omre

325 4417 442 4482 omnia.
472 4418 653 4499 Complaceo
676 4420 755 4482 mihi
777 4420 898 4497 intime,
912 4439 932 4480 o
954 4422 1047 4498 Deus,
1067 4426 1098 4482 et
1149 4419 1297 4496 Virtutes,
1325 4424 1357 4481 et
1379 4419 1626 4498 Dominationes,
1652 4440 1765 4486 omnes
1789 4422 1902 4495 Thmui,

326 4509 382 4572 tihi
404 4511 537 4589 gaudeo,
568 4512 643 4591 quia
667 4529 701 4578 es
726 4512 969 4576 eminentissima
996 4513 1098 4574 omnis
1147 4511 1314 4574 Cherubim
1335 4517 1366 4574 et
1388 4511 1564 4592 Seraphim,
1589 4513 1775 4588 benedicite,
1788 4515 1903 4588 laudetc,

1389 1059 1483 1114 Amor
1500 1056 1672 1118 redamari-r.

326 4601 473 4682 splendor
495 4609 662 4677 astrorum,
687 4605 789 4668 omnis
808 4606 970 4668 cmoenitas
987 4605 1097 4668 horto-
1148 4609 1179 4667 et
1207 4603 1434 4684 superexaltate
1458 4622 1531 4668 aum
1553 4605 1587 4668 in
1607 4606 1732 4682 secula,
1754 4608 1827 4688 quia
1848 4605 1905 4668 lecit

326 4712 409 4770 rum,
425 4711 518 4758 omne
527 4697 663 4775 pretium
671 4713 878 4776 gemmarum,
892 4697 993 4760 omnis
1006 4698 1099 4760 decor
1147 4694 1309 4758 nobiscum
1323 4695 1564 4760 misericordiam
1573 4715 1681 4766 suamc
1696 4698 1903 4763 laudantilluu

327 4787 477 4860 colorum,
514 4788 615 4850 omnis
640 4789 774 4852 suavitas
803 4807 961 4870 saporum.
996 4791 1098 4852 omnis
1148 4787 1234 4864 Goeb,
1251 4789 1356 4864 Terra,
1371 4788 1466 4863 Mare,
1482 4794 1513 4850 ct
1526 4789 1727 4870 omniaque
1741 4789 1899 4860 irenam,

326 4879 652 4959 fragrantiaodorum,
667 4881 771 4942 omnis
784 4882 1013 4962 magnificentia
1027 4881 1098 4944 acdi-
1148 4879 1295 4957 laudent,
1319 4885 1350 4942 et
1377 4881 1608 4960 superexaltent
1642 4880 1677 4944 in
1710 4884 1836 4950 meula:
1864 4878 1898 4942 ιιι

326 4974 481 5048 liciorum,
497 4973 599 5034 omnis
611 4972 809 5053 pulchritudo
822 4993 929 5039 rerum
943 4974 1097 5052 omnium,
1147 4971 1260 5050 honor,
1280 4971 1325 5032 illi
1342 4971 1528 5050 benedictio,
1551 4973 1596 5034 illi
1608 4974 1779 5052 gratiarum
1788 4972 1895 5038 aetloat

327 5065 429 5128 omnis
449 5065 613 5128 oblectatio
639 5083 800 5143 sensnum,
829 5067 932 5128 omnis
956 5065 1100 5146 voluptas
1149 5064 1236 5130 omni
1247 5068 1387 5128 creabnu
1405 5065 1440 5132 in
1458 5082 1568 5134 omnes
1587 5064 1894 5145 generationcssaouh

328 5158 484 5234 cordium
500 5159 550 5222 Tu
569 5157 634 5220 sine
656 5157 758 5238 figura
775 5158 915 5239 pulcher,
930 5161 997 5220 sine
1018 5163 1097 5220 tem
1148 5155 1344 5226 seculorum.

328 5269 403 5332 pore
436 5255 586 5325 amenus,
615 5249 682 5314 sine
716 5251 783 5312 loco
816 5249 997 5327 immensus,
1031 5249 1098 5312 sine

327 5342 505 5406 extensione
541 5342 682 5421 diffisus,
708 5344 775 5406 sine
802 5343 864 5406 situ
900 5343 999 5420 altus,
1032 5343 1098 5406 sine

327 5453 460 5504 ntrmero
468 5434 620 5511 infinitus,
637 5436 703 5498 sine
722 5437 949 5517 multiplicitate
967 5435 1096 5498 omnia:
1189 5430 1322 5510 Siquid,
1340 5430 1481 5508 Domine,
1495 5430 1534 5493 ad
1547 5433 1772 5512 impetrandam
1783 5431 1890 5513 gratiam
1912 5457 1967 5517 433

328 5535 364 5590 tu
395 5531 537 5590 caunum
568 5543 601 5588 es
641 5528 811 5605 universis,
847 5533 949 5590 omnis
983 5527 1098 5589 amoris
1149 5523 1424 5602 preservationisa
1443 5529 1569 5603 peccato
1583 5525 1887 5606 mihipaticndumest

1220 5301 1313 5355 Amor
1330 5297 1489 5366 detestans,
1508 5313 1571 5372 puae
1590 5303 1648 5358 Deo
1667 5301 1751 5360 molo
1767 5306 1836 5360 sont.
